2932 4364
478 331 544 381 nin.
562 329 582 379 1.
615 328 940 389 cn.xxxrr,xxx111.
975 328 1107 393 ttsstos·
1275 329 1317 397 59

266 500 384 559 semper
409 483 533 554 fuerunt,
561 481 623 540 nati
650 495 811 556 numquam
838 489 915 553 sunt,
940 480 1086 557 siquidem
1113 481 1223 540 aeterni
1250 491 1317 542 sunt

266 578 371 650 luturi3
393 586 422 635 at
436 577 570 636 homines
584 576 664 648 nati;
685 586 752 634 ante
768 576 853 651 igitur
866 575 994 634 humana
1007 576 1106 634 forma·
1115 595 1203 652 quam
1223 577 1316 637 homi·

265 690 318 730 nes
346 690 390 743 ea,
415 689 475 746 qua
501 680 583 729 erant
610 671 704 729 lorma
731 670 762 728 di
790 670 965 728 inmortales.
1008 671 1079 728 Non
1106 689 1177 747 ergo
1204 672 1316 732 illomm

266 765 394 824 humana
415 767 516 836 lorma,
540 764 594 823 sed
620 775 729 832 nostra¹
747 764 845 823 divina
872 763 1001 822 dicenda
1028 773 1080 823 est.
1122 767 1231 825 Vemm
1259 768 1317 827 hoc

234 882 246 920 s
265 861 395 936 quidem,
410 870 443 919 ut
456 861 577 933 voletis;
599 858 670 919 illud
683 877 802 936 quaero,
817 876 893 934 quae
908 859 992 917 suerit
1006 868 1088 918 tanta
1100 861 1214 921 fortuna
1232 863 1318 938 (nihil

265 959 344 1017 enirn
364 956 475 1016 ratione
498 957 528 1015 in
550 975 646 1015 rerum
668 965 771 1014 natura
792 955 902 1013 factum
924 972 989 1014 esse
1012 955 1125 1034 vultis),
1144 947 1198 1017 sed
1218 969 1317 1018 tamen

264 1053 328 1128 quis
349 1052 403 1112 iste
423 1061 520 1112 tantus
541 1053 646 1110 casus?
686 1050 767 1110 unde
789 1050 939 1141 tam-felix
962 1070 1121 1113 concursus
1142 1063 1315 1129 atomorum,
1329 1075 1353 1117 n

264 1160 296 1209 ut
327 1160 448 1226 repente
476 1149 610 1208 homines
638 1148 762 1208 deorum
788 1135 886 1207 forma
908 1152 1116 1210 nascerentur?
1162 1152 1315 1212 Seminane

264 1247 387 1307 deornm
409 1245 555 1305 decidisse
577 1245 616 1304 de
639 1246 723 1304 caelo
745 1253 882 1320 putamus
900 1245 930 1304 in
951 1255 1049 1319 terras,
1070 1248 1162 1306 etsie
1182 1247 1331 1308 homines.

228 1366 253 1394 ιο
264 1343 510 1420 patrumsimiles
537 1343 686 1401 extitisse?
726 1341 841 1401 Vellem
870 1342 1025 1416 diceretis3
1055 1343 1179 1402 deornm
1207 1362 1315 1420 cogna-

264 1439 375 1497 tionem
396 1456 588 1516 agnoscerem
608 1457 671 1497 non
692 1438 808 1497 invitus.
850 1438 932 1496 Nihil
955 1439 1011 1497 tale
1038 1437 1142 1511 dicitis,
1166 1438 1220 1498 sed
1244 1459 1314 1500 casu

264 1553 328 1595 esse
344 1536 463 1610 lactum,
477 1544 510 1596 ut
530 1553 661 1595 essemus
681 1534 789 1594 similes
810 1534 944 1607 deornm.
987 1536 1026 1594 Et
1045 1554 1125 1595 nunc
1145 1548 1315 1613 argumenta

264 1633 432 1709 quaerenda
444 1643 520 1708 sunt,
535 1635 640 1711 quibus
654 1630 713 1693 hoc
727 1633 891 1693 refellatur?
932 1633 1054 1694 Utinam
1072 1642 1133 1693 tam
1149 1634 1233 1696 facile
1247 1654 1315 1695 vera

264 1731 392 1792 invenire
416 1733 527 1809 possim
551 1751 640 1809 quam
663 1731 734 1790 salsa
757 1729 954 1791 convincere!
995 1732 1113 1792 Etenim
1137 1735 1357 1793 enumerastill

229 1855 252 1892 rs
265 1830 431 1889 memoriter
444 1839 475 1888 et
488 1829 618 1905 copiose,
632 1836 665 1887 ut
678 1828 750 1887 mihi
763 1826 885 1904 quidem
903 1828 1038 1888 admirari
1050 1829 1162 1890 luberet
1176 1829 1206 1888 in
1220 1830 1313 1890 homi·

264 1945 302 1985 ne
322 1945 386 1986 esse
407 1927 545 1986 Romano
566 1935 676 1984 tantam
697 1925 859 1997 scientiam,
874 1943 966 2001 usque
988 1943 1006 1983 a
1025 1925 1117 1984 Thale
1139 1926 1254 1986 Milesio
1275 1927 1314 1986 de

265 2023 388 2083 deorum
415 2033 518 2082 natura
543 2022 785 2099 philosophorum
813 2023 980 2080 sententias.
1022 2023 1172 2082 Omnesne
1200 2025 1251 2082 tibi
1275 2025 1314 2083 illi
1327 2049 1352 2089 nr

265 2118 385 2177 delirare
398 2119 452 2178 visi
473 2128 548 2190 sunt,
563 2118 614 2193 qui
635 2118 698 2177 sine
718 2117 853 2177 manibus
874 2126 904 2175 et
924 2117 1050 2193 pedibus
1070 2128 1203 2177 constare
1225 2119 1314 2179 deum

264 2232 350 2290 posse
369 2214 571 2273 decreverint?
611 2215 659 2272 Ne
680 2213 739 2272 hoc
759 2212 881 2289 quidem
902 2231 955 2272 vos
975 2223 1074 2272 movet
1094 2214 1313 2289 considerantis,

228 2328 339 2386 ”quae
367 2312 404 2370 sit
427 2311 534 2371 utilitas
554 2328 689 2387 quaeque
710 2309 893 2386 oportunitas
913 2309 944 2369 in
967 2309 1086 2368 homine
1107 2312 1313 2385 membrorum,
1362 2300 1366 2331 ¹
1387 2335 1388 2338 ¹

265 2416 297 2465 ut
320 2407 453 2466 iudicetis
476 2407 615 2466 membris
639 2406 773 2465 humanis
797 2406 871 2465 deos
894 2424 956 2464 non
980 2407 1088 2482 egere?
1129 2406 1314 2481 Qnid'enim

264 2501 389 2577 pedibus
403 2521 478 2577 opus
492 2510 536 2561 est
549 2503 611 2560 sine
632 2501 784 2577 ingressu?
804 2499 876 2575 quid
896 2501 1040 2573 manibus,
1054 2501 1079 2560 si
1098 2501 1169 2560 nihil
1189 2520 1313 2580 conpre-

264 2597 456 2656 hendendum
482 2598 548 2656 est?
577 2596 660 2671 quid
676 2597 788 2671 reliqua
814 2595 1003 2669 discriptione
1028 2596 1160 2654 omnium
1182 2600 1313 2672 corporis

264 2691 398 2766 partium,
417 2689 527 2767 inqua
546 2690 618 2750 nihil
638 2691 734 2763 inane,
755 2689 826 2748 nihil
846 2689 908 2747 sine
930 2707 1028 2760 causa,
1049 2689 1121 2748 nihil
1141 2709 1312 2766 supervaca-

227 2808 252 2848 «νς
264 2804 353 2846 neum
371 2788 435 2847 est?
475 2789 579 2863 Itaque
600 2787 679 2845 nulla
699 2805 744 2845 ars
764 2784 869 2844 imitari
889 2784 1045 2843 sollertiam
1065 2795 1185 2844 naturae
1205 2797 1313 2863 potest.

266 2883 396 2942 Habebit
409 2883 495 2960 igitur
507 2884 635 2960 linguam
649 2882 722 2942 deus
744 2889 773 2940 et
793 2899 854 2940 non
873 2881 1018 2957 loquetur,
1040 2879 1153 2954 dentes,
1174 2883 1312 2958 palatum,

235 2976 236 2980 ’
264 2979 362 3039 lauces
385 2980 496 3040 nullum
521 2979 560 3039 ad
583 2999 677 3053 usum,
703 2998 837 3057 quaeque
862 2978 1071 3055 procreationis
1099 2997 1188 3038 causa
1210 2989 1314 3039 natura

264 3076 380 3154 corpori
402 3077 533 3152 adfinxit,
557 3097 594 3138 ea
617 3079 720 3138 lmstra
743 3077 861 3138 habebit
886 3076 969 3149 deus,
994 3094 1051 3134 nec
1075 3085 1195 3135 externa
1221 3078 1313 3154 magis

264 3193 352 3251 quam
379 3173 523 3250 interiora,
551 3195 611 3251 cor,
636 3177 799 3254 pulmones,
827 3175 916 3248 iecur,
945 3184 1051 3247 cetera,
1080 3193 1156 3251 quae
1183 3174 1314 3234 detracta

227 3264 384 3333 so‘utilitate
407 3273 479 3350 quid
502 3274 612 3335 habent
630 3273 809 3333 venustatis?
834 3270 1076 3349 quandoquidem
1100 3271 1175 3331 haec
1196 3290 1260 3332 esse
1283 3273 1313 3331 in

264 3370 322 3430 deo
336 3381 455 3447 propter
467 3370 711 3449 pulchritudinem
725 3370 818 3430 voltis.
861 3369 966 3428 Istisne
980 3369 1105 3429 fidentes
1119 3370 1239 3429 somniis
1253 3389 1313 3429 non
1325 3393 1351 3434 ns

264 3467 355 3526 modo
378 3467 521 3542 Epicurus
543 3477 573 3542 et
597 3466 784 3525 Metrodorus
809 3475 839 3525 et
861 3465 1062 3525 Hermarchus
1084 3475 1187 3524 contra
1208 3466 1312 3542 Pytha-

263 3582 372 3639 goram,
402 3564 554 3622 Platonem
582 3562 856 3638 Empedoclemque
885 3561 1028 3632 dixernnt,
1055 3561 1108 3620 sed
1132 3563 1314 3620 meretricula

265 3659 351 3716 etiam
366 3659 522 3716 Leontium
539 3667 641 3716 contra
660 3657 897 3731 Theophrastum
917 3656 1042 3714 scribere
1064 3674 1134 3714 ausa
1154 3659 1219 3714 est?
1238 3658 1313 3715 scito

227 3752 311 3814 nilla
332 3752 452 3829 quidem
474 3770 609 3813 sermone
624 3761 662 3811 ,et
683 3752 791 3826 Attico,
814 3750 869 3812 sed
892 3759 1002 3811 tanuen.
1042 3751 1170 3810 Tantum
1192 3752 1312 3828 Epicuri
