2932 4364
518 367 584 417 mn.
603 364 652 418 111.
686 370 746 418 cm
759 370 780 419 1.
814 369 844 432 ss
860 380 913 430 1-4.
1185 365 1245 434 137

229 517 313 570 Cotta
324 516 413 570 closes
423 517 488 571 with
502 517 548 572 the
561 536 706 573 assurance
718 518 777 573 that
790 518 836 573 the
845 519 900 573 aim
910 518 942 574 oi
951 518 994 573 his
1003 519 1091 575 whole
1105 518 1246 574 discourse

195 600 218 654 is
232 611 281 655 not
294 610 322 655 to
335 601 408 672 deny
421 601 467 656 the
480 602 619 658 existence
632 604 664 659 oi
677 605 723 658 the
734 605 817 676 gods,
831 604 881 659 but
894 605 959 676 only
972 613 1002 659 to
1015 605 1091 659 show
1104 605 1166 659 how
1178 603 1247 658 diffi-

195 687 251 742 cult
263 687 285 741 it
303 687 326 741 is
345 696 374 742 to
389 687 475 742 arrive
494 697 523 743 at
541 707 595 760 any
607 689 721 745 distinct
740 689 902 762 knowledge
921 689 1007 745 about
1027 691 1112 745 them.
1150 690 1247 745 Cicero

195 773 264 827 adds
283 773 409 828 however
428 774 497 836 that,
511 775 644 847 although
657 775 779 830 Velleius
798 793 971 846 pronounces
984 776 1030 831 the
1043 776 1200 847 exposition
1214 777 1246 831 of

196 863 279 916 Cotta
296 870 354 915 true
372 860 428 914 and
449 861 624 933 convincing,
640 863 674 916 he
694 862 807 918 himself
821 863 845 917 is
865 863 984 918 inclined
1004 872 1034 919 to
1055 863 1183 919 consider
1201 862 1248 918 the

196 948 278 1002 views
297 948 329 1015 oi
344 948 490 1004 Balbusas
503 966 578 1003 more
591 949 734 1018 probable.
1276 953 1279 958 ’

620 1232 832 1275 -οοηςοω-

207 1334 241 1391 f,

113 1371 372 1695 &QUAE
400 1515 469 1554 cum
497 1496 604 1555 Balbus
632 1496 760 1569 dixisset,
785 1506 847 1556 tum
872 1496 1010 1557 adridens
1035 1499 1140 1558 Cotta:
1170 1491 1279 1599 Sero}

330 1593 431 1668 inquit,
461 1593 541 1665 mihi,
570 1594 671 1666 Balbe,
696 1595 849 1670 praecipis,
875 1594 948 1670 quid
975 1595 1143 1655 defendam.
1186 1597 1251 1671 Ego

201 1691 280 1747 enim
294 1699 323 1748 te
342 1689 518 1765 disputante,
534 1690 606 1766 quid
627 1701 730 1750 contra
750 1691 889 1764 dicerem,
905 1711 1022 1751 mecum
1045 1692 1107 1768 ipse
1129 1690 1251 1752 medita·

200 1788 261 1858 bar,
284 1805 380 1863 neque
403 1796 463 1845 tam
486 1788 638 1847 refellendi
659 1789 700 1847 tui
721 1807 810 1847 cansa
828 1808 917 1865 quam
936 1807 981 1862 ea,
995 1808 1071 1865 quae
1092 1789 1188 1848 minus
1209 1789 1251 1847 in·

171 1885 385 1960 stellegebam,
413 1884 589 1961 requirendi.
632 1887 708 1946 Cum
736 1896 836 1944 antem
862 1905 917 1946 suo
945 1887 1051 1962 cuique
1080 1885 1190 1946 iudicio
1207 1887 1254 1946 'sit
1278 1915 1280 1919 ¹

201 1981 354 2054 utendum,
369 1981 486 2040 difficile
508 1984 587 2041 factu
608 1992 653 2042 est
674 2002 722 2042 me
745 1982 775 2042 id
796 1984 913 2056 sentire,
928 1983 1010 2059 quod
1024 1993 1055 2042 tu
1069 1985 1149 2043 velis.
1193 1984 1278 2068 Hicn

201 2078 347 2136 Velleius:
372 2079 486 2149 Nescis,
502 2078 603 2153 inquit,
624 2089 733 2153 quanta
753 2097 822 2137 cum
843 2080 1073 2154 exspectatione,
1088 2081 1185 2151 Cotta,
1199 2080 1254 2138 sim

203 2185 232 2232 te
247 2173 405 2233 auditurus.
449 2173 600 2233 iucundus
620 2175 698 2233 enim
713 2175 806 2233 Balbo
827 2184 928 2233 nostro
949 2193 1045 2233 sermo
1066 2185 1133 2234 tuus
1154 2186 1256 2234 contra

205 2273 366 2347 Epicurum
380 2271 453 2345 suit;
474 2272 622 2347 praebebo
638 2271 723 2347 igitur
743 2289 800 2347 ego
821 2289 868 2330 me
890 2271 943 2331 tibi
964 2271 1092 2331 vicissim
1112 2265 1255 2332 attentum

168 2395 193 2423 to
205 2378 308 2427 contra
328 2368 441 2427 Stoicos
462 2367 635 2426 auditorem.
677 2369 768 2443 Spero
785 2368 866 2426 enim
882 2377 921 2440 te,
935 2377 968 2427 ut
981 2369 1067 2441 soles,
1082 2369 1159 2428 bene
1173 2389 1255 2446 para·

205 2475 268 2523 tnm
281 2465 389 2524 venire.
430 2465 509 2523 Tum
523 2465 629 2524 Cotta:
652 2465 699 2524 Sic
714 2464 891 2537 mehercule,
907 2464 1009 2540 inquit,
1024 2465 1138 2539 Vellei;
1159 2484 1282 2542 nequer

195 2563 285 2620 -enim
306 2561 378 2620 mihi
397 2579 451 2637 par
470 2561 544 2619 ratio
564 2579 633 2619 cnm
656 2561 768 2620 Lucilio
789 2570 834 2619 est
854 2579 890 2618 ac
903 2569 1003 2619 tecum
1017 2561 1079 2620 fuit.
1122 2563 1181 2636 Qui
1195 2572 1256 2621 tan·

206 2658 298 2716 dem?
318 2657 411 2733 inquit
426 2656 483 2716 ille.
526 2657 604 2730 Quia
627 2657 698 2714 mihi
721 2656 836 2715 videtur
860 2658 1006 2732 Epicurus
1029 2667 1125 2715 vester
1148 2657 1187 2716 de
1211 2657 1257 2716 dis

207 2753 406 2813 inmortalibus
430 2772 491 2813 non
515 2771 693 2829 magnopere
717 2771 848 2829 pugnare
859 2772 868 2826 3
897 2762 1009 2811 tantum
1034 2753 1126 2812 modo
1150 2772 1256 2830 negare

171 2826 282 2911 zsde'os
305 2867 369 2908 esse
397 2868 457 2908 non
481 2848 580 2921 audet,
605 2867 643 2906 ne
672 2848 743 2923 quid
767 2848 892 2906 invidiae
920 2848 1022 2907 subeat
1046 2859 1097 2908 aut
1120 2850 1257 2909 criminis.

210 2946 286 3005 Cum
299 2930 369 3005 vero
384 2945 457 3005 deos
474 2946 545 3003 nihil
561 2962 657 3020 agere,
671 2944 743 3002 nihil
764 2962 865 3002 curare
886 2945 1040 3003 confirmat
1061 2946 1258 3021 membrisque

210 3042 343 3099 humanis
364 3059 428 3100 esse
448 3025 606 3116 praeditos,
623 3039 678 3098 sed
698 3058 801 3098 eorum
823 3040 1022 3099 membrorum
1041 3060 1128 3099 usum
1147 3042 1259 3100 nullum

210 3138 326 3210 habere,
341 3135 442 3197 ludere
456 3135 570 3197 videtur
588 3137 714 3212 satisque
733 3146 845 3213 putare,
860 3137 885 3196 si
904 3134 1009 3196 dixerit
1029 3155 1092 3195 esse
1109 3137 1259 3213 quandam

210 3235 327 3294 beatam
347 3243 478 3292 naturam
496 3244 526 3292 et
542 3243 699 3292 aeternam.
737 3235 768 3305 A
790 3234 882 3317 Balbo
903 3243 1001 3291 antem
1023 3233 1285 3307 animadvertistis

173 3358 198 3385 ω
211 3329 310 3402 credo,
333 3349 421 3406 quam
444 3330 535 3388 multa
562 3330 642 3389 dicta
665 3331 723 3389 sint
747 3349 905 3406 quamque,
929 3330 1042 3388 etiamsi
1065 3329 1161 3389 minus
1183 3349 1259 3403 vera,

211 3438 310 3484 tamen
334 3435 403 3501 apta
426 3427 501 3484 inter
524 3444 556 3484 se
580 3436 610 3485 et
634 3426 831 3484 cohaerentia.
874 3428 977 3501 Itaque
1001 3426 1109 3501 cogito,
1134 3436 1167 3485 ut
1190 3425 1260 3498 dixi,

211 3539 272 3579 non
285 3531 346 3580 tarn
359 3522 490 3579 refellere
505 3521 567 3579 eius
582 3521 745 3579 orationem
760 3539 850 3596 quam
864 3539 908 3592 ea,
923 3539 999 3595 qnae
1014 3516 1109 3578 minus
1124 3520 1260 3592 intellexi,

211 3617 366 3692 requirere.
406 3617 513 3691 Quare,
526 3616 688 3687 Balbe,·tibi
701 3616 849 3691 permitto,
860 3615 1077 3691 responderene
1092 3616 1163 3674 mihi
1177 3617 1260 3674 malis

212 3712 250 3772 de
272 3714 389 3790 singulis
410 3714 496 3772 rebus
517 3713 669 3789 quaerenti
690 3722 776 3772 exte
798 3731 842 3785 ea,
865 3731 941 3788 quae
966 3731 1068 3788 parum
1089 3715 1201 3788 accepi,
1223 3732 1262 3774 an

175 3833 200 3872 as
213 3812 374 3871 universam
395 3811 495 3870 audire
517 3811 679 3870 orationem
702 3829 808 3870 meam.
850 3811 928 3869 Tum
951 3809 1075 3870 Balbus:
1099 3811 1163 3885 Ego
1181 3829 1260 3882 vero,
