2932 4364
193 359 253 428 150
515 361 565 412 na
582 361 728 418 uarum
750 361 912 414 pronun.

188 515 212 575 si
226 526 270 575 est
283 513 365 588 deus,
377 525 490 592 patrem
504 533 622 592 quoque
638 516 700 577 eius
714 517 840 576 Caelum
853 535 918 576 esse
933 515 1023 577 deum
1037 517 1240 579 confitendum

189 625 241 673 est.
284 613 375 688 Quod
395 614 418 672 si
435 614 476 672 ita
492 625 545 685 est,
563 614 645 673 Caeli
666 633 784 690 quoque
805 625 941 691 parentes
962 615 993 673 di
1014 615 1144 674 habendi
1164 627 1241 690 sunt,

187 703 297 769 Aether
317 723 346 769 et
368 712 449 782 Dies,
465 729 625 786 eorumque
647 712 747 771 fratres
769 721 798 770 et
818 730 942 783 sorores,
965 712 1015 786 qui
1036 731 1054 770 a
1074 713 1241 789 genealogis

187 807 313 881 antiquis
334 807 376 865 sic
397 807 594 876 nominantur,
615 809 716 878 Amor,
737 808 840 878 Dolus,
857 809 964 879 Metus,
982 809 1087 879 Labor,
1103 810 1240 889 Inviden-

188 904 236 973 tia,
253 903 367 975 Fatum,
382 903 532 973 Senectus,
548 904 640 974 Mors,
654 904 817 973 Tenebrae,
833 903 960 973 Miseria,
973 903 1119 976 Querella,
1131 906 1239 978 Gratia,
1260 925 1274 967 s

189 999 287 1070 Fraus,
317 999 488 1071 Pertinacia,
517 1000 635 1070 Parcae,
665 998 857 1074 Hesperides,
886 999 1015 1072 Somnia,
1043 1018 1118 1075 quos
1145 1003 1241 1061 omnis

189 1095 287 1154 Erebo
308 1105 338 1153 et
359 1097 456 1154 Nocte
477 1105 562 1154 natos
583 1096 687 1155 serunt.
729 1097 789 1153 Aut
812 1096 898 1171 igitur
922 1096 996 1153 haec
1020 1107 1151 1155 monstra
1174 1116 1240 1174 pro-

145 1170 288 1278 }{banda
307 1204 374 1250 sunt
395 1202 443 1250 aut
463 1193 557 1268 prima
580 1192 628 1251 illa
652 1191 791 1252 tollenda.
833 1190 935 1266 Quid?
975 1193 1150 1269 Apollinem,
1171 1195 1240 1253 Vol-

188 1308 303 1363 canum,
324 1290 513 1361 Mercurium,
528 1300 641 1349 ceteros
663 1289 736 1349 deos
757 1308 822 1349 esse
844 1290 935 1361 dices,
950 1289 989 1349 de
1012 1292 1152 1365 Hercule,
1168 1294 1240 1351 Aes-

186 1387 312 1462 culapio,
340 1387 455 1459 Libero,
484 1387 616 1459 Castore,
647 1388 765 1446 Polluce
794 1387 954 1447 dubitatis?
994 1390 1033 1446 At
1060 1389 1091 1446 hi
1118 1389 1240 1466 quidem
1254 1414 1279 1442 10

187 1484 322 1543 coluntur
342 1501 436 1559 aeque
458 1495 545 1560 atque
568 1485 617 1556 illi,
639 1484 720 1560 apud
745 1485 890 1561 quosdam
912 1486 1000 1543 etiam
1024 1486 1116 1544 multo
1138 1488 1239 1562 magis.

188 1583 266 1658 Ergo
288 1582 318 1640 hi
339 1581 389 1639 dei
413 1593 480 1640 sunt
505 1581 634 1640 habendi
658 1583 828 1642 mortalibus
852 1583 913 1640 nati
937 1583 1098 1642 matribus?
1139 1583 1241 1658 Quid?

145 1659 153 1743 ,Ι
187 1680 344 1751 Aristaeus,
366 1679 417 1753 qui
437 1679 529 1757 olivae
551 1678 657 1737 dicitur
677 1680 819 1751 inventor,
840 1680 982 1755 Apollinis
1003 1680 1086 1751 filius,
1107 1681 1240 1740 Theseus

117 1816 119 1818 ψ
188 1776 329 1851 Neptuni,
350 1776 461 1851 reliqui,
482 1794 608 1851 quorum
628 1785 725 1851 patres
747 1775 787 1848 di,
805 1794 865 1834 non
886 1787 970 1834 erunt
990 1777 1020 1835 in
1042 1775 1165 1836 deorum
1186 1797 1239 1836 nu-

187 1874 291 1931 mero?
321 1872 412 1947 Quid,
426 1889 551 1947 quorum
565 1875 693 1931 matres?
727 1873 850 1948 Opinor,
865 1873 953 1931 etiam
967 1873 1069 1948 magis.
1104 1875 1147 1933 Ut
1161 1876 1239 1933 enim
1254 1905 1278 1944 ις

188 1969 249 2028 iure
270 1969 356 2042 civili,
371 1969 421 2044 qui
443 1980 487 2028 est
507 1980 598 2027 matre
618 1969 716 2041 libera,
731 1970 804 2028 liber
818 1979 870 2040 est,
886 1970 957 2029 item
971 1970 1031 2028 iure
1046 1979 1175 2044 naturae,
1190 1973 1240 2048 qui

188 2066 247 2125 dea
266 2077 357 2125 matre
379 2076 432 2138 est,
448 2065 521 2124 deus
541 2067 578 2125 sit
599 2084 720 2125 necesse
742 2076 795 2125 est.
837 2068 941 2142 Itaque
958 2067 1103 2127 Achillem
1117 2070 1239 2145 Astypa-

185 2165 318 2222 laeenses
339 2163 461 2222 insulani
483 2164 673 2222 sanctissume
695 2163 814 2235 colunt,
844 2164 893 2238 qui
915 2164 939 2221 si
962 2164 1036 2223 deus
1056 2175 1109 2237 est,
1131 2175 1161 2224 et
1184 2167 1238 2225 Or-

186 2259 279 2335 pheus
299 2266 329 2317 et
347 2259 463 2317 Rhesus
480 2258 511 2316 di
525 2270 601 2331 sunt,
618 2260 704 2316 Musa
719 2269 810 2317 matre
825 2261 894 2329 nati,
910 2260 965 2317 nisi
979 2260 1053 2318 sorte
1068 2262 1239 2319 maritumae

186 2356 305 2430 nuptiae
330 2355 450 2413 terrenis
474 2364 699 2429 anteponuntur.
741 2355 771 2413 Si
796 2355 826 2412 hi
849 2354 879 2413 di
901 2373 961 2413 non
983 2365 1059 2427 sunt,
1081 2358 1150 2432 quia
1171 2376 1238 2415 nus·
1252 2384 1278 2412 ω

148 2467 174 2510 tu
187 2471 275 2528 quam
296 2452 439 2523 coluntur,
454 2470 514 2526 quo
536 2450 627 2510 modo
649 2451 687 2509 illi
706 2453 795 2510 sunt?
834 2452 911 2510 Vide
926 2453 1019 2528 igitur,
1035 2471 1072 2511 ne
1087 2453 1239 2512 virtutibus

177 2551 337 2609 ‘hominum
352 2550 398 2609 isti
412 2551 538 2609 honores
550 2550 718 2621 habeantur,
730 2567 791 2607 non
805 2551 1087 2624 immortalitatibus;
1110 2551 1192 2628 quod
1206 2562 1238 2611 tu

185 2665 312 2724 quoque,
337 2648 436 2720 Balbe,
459 2649 535 2706 visus
559 2666 591 2706 es
614 2647 722 2707 dicere.
766 2649 835 2722 Quo
859 2648 951 2708 modo
974 2661 1073 2709 autem
1096 2662 1190 2727 potes,
1215 2651 1238 2709 si

185 2747 329 2805 Latonam
344 2745 431 2803 deam
446 2754 539 2819 putas,
555 2746 703 2804 Hecatam
717 2764 778 2804 uon
793 2756 904 2822 putare,
921 2765 997 2821 quae
1018 2759 1110 2805 matre
1126 2749 1240 2807 Asteria

184 2852 237 2914 est,
260 2861 357 2902 sorore
380 2844 532 2901 Latonae?
571 2841 617 2900 An
637 2842 711 2900 haec
726 2861 844 2917 quoque
863 2843 919 2901 dea
934 2846 999 2902 est?
1019 2844 1144 2903 vidimus
1159 2847 1238 2904 enim
1251 2875 1276 2914 ις

185 2941 247 2997 eius
268 2958 331 2997 aras
353 2938 533 3012 delubraque
555 2938 585 2995 in
606 2939 740 2997 Graecia.
783 2941 832 2998 Sin
853 2939 928 2997 haec
949 2939 1008 2998 dea
1028 2950 1081 3010 est,
1103 2959 1156 2998 cur
1177 2959 1238 2999 non

185 3034 375 3105 Eumenides,
400 3053 522 3109 quarum
550 3044 580 3093 et
604 3034 726 3093 Athenis
755 3035 855 3094 sanum
883 3044 928 3094 est
955 3045 985 3094 et
1012 3034 1093 3112 apud
1117 3029 1180 3107 nos,
1206 3047 1238 3096 ut

185 3151 241 3209 ego
262 3133 443 3208 interpretor,
458 3132 540 3191 lucus
563 3133 697 3203 Furinae,
712 3132 787 3191 deae
809 3142 885 3204 sunt,
905 3133 1121 3208 speculatrices,
1138 3134 1237 3207 crede,

146 3243 173 3287 tr
186 3242 215 3289 et
238 3230 369 3289 vindices
394 3229 555 3288 lacinomm
580 3241 610 3288 et
634 3230 761 3288 sceleris.
804 3228 919 3304 Quodsi
944 3230 1017 3288 tales
1040 3229 1088 3289 dei
1109 3241 1185 3303 sunt,
1206 3242 1238 3291 ut

184 3327 271 3384 rebus
292 3326 425 3385 humanis
446 3326 586 3398 intersint,
608 3327 697 3385 Natio
723 3344 841 3402 quoque
867 3325 925 3385 dea
945 3326 1076 3402 putanda
1103 3338 1157 3398 est,
1180 3329 1237 3400 cui,
1251 3357 1277 3396 ³0

186 3440 254 3480 cum
281 3423 348 3480 sana
376 3423 562 3481 circumimus
591 3423 621 3481 in
649 3441 719 3498 agro
744 3423 871 3494 Ardeati,
893 3442 957 3482 rem
985 3424 1113 3482 divinam
1142 3425 1237 3483 iacere

184 3520 312 3578 solemus
323 3540 331 3592 ;
364 3537 439 3595 quae
468 3520 537 3595 quia
564 3530 663 3596 partus
691 3530 889 3579 matronarum
920 3530 1042 3592 tueatur,
1070 3540 1088 3579 a
1115 3540 1237 3581 nascen-

184 3617 261 3675 tibus
287 3616 376 3674 Natio
400 3616 552 3675 nominata
575 3626 628 3676 est.
671 3617 715 3675 Ea
739 3618 763 3675 si
787 3616 844 3675 dea
865 3628 918 3689 est,
939 3617 970 3676 di
992 3636 1095 3677 omnes
1116 3617 1166 3690 illi,
1188 3620 1238 3695 qui

184 3714 492 3771 commemorabantur
511 3731 529 3771 a
549 3723 590 3784 te,
612 3714 729 3785 Honos,
745 3714 842 3786 Fides,
859 3716 957 3783 Mens,
975 3715 1153 3786 Concordia,
1168 3734 1238 3791 ergo

184 3809 273 3868 etiam
300 3810 382 3884 Spes,
412 3809 537 3868 Moneta
570 3808 737 3886 omniaque,
768 3826 844 3886 quae
879 3812 1056 3886 cogitatione
1091 3812 1275 3893 nobismet„
