2932 4364
456 387 522 436 Lm.
540 388 575 437 11.
608 388 884 439 cmxxv-xxm.
918 389 1051 454 §563-68.
1229 391 1275 458 99

301 538 416 598 Vides
450 539 605 598 sublime
640 541 774 613 susum,
802 540 1073 600 inmoderatum
1107 541 1274 614 aethera,

266 704 269 709 Ι
303 635 374 709 Qui
407 637 540 693 terram
574 642 703 694 tenero
737 637 982 695 circumiectu
1011 637 1273 713 amplectitur:

304 732 412 790 Hunc
452 733 628 790 summum
669 731 807 791 habeto
843 731 981 806 dlvum,
1016 735 1112 792 hunc
1153 733 1273 810 perhi-

893 829 981 888 beto
1017 832 1155 890 Iovem.
1223 915 1228 928 .

192 1030 204 1070 s
224 1009 282 1069 Aer
295 1018 402 1103 autem,
417 1019 449 1068 ut
462 1010 552 1069 Stoici
566 1010 723 1087 disputant,
739 1011 906 1070 interiectus
921 1011 996 1070 inter
1009 1029 1088 1070 mare
1109 1021 1139 1071 et
1159 991 1316 1100 caelum&

226 1105 345 1164 Iunonis
365 1106 484 1164 nomine
505 1116 700 1178 consecratur,
716 1125 791 1182 quae
813 1116 858 1166 est
880 1125 961 1166 soror
983 1116 1013 1166 et
1035 1108 1164 1166 coniunx
1186 1107 1273 1180 Iovis,

223 1202 305 1278 quod
319 1203 347 1261 ei
363 1202 520 1262 similitudo
541 1214 585 1262 est
606 1204 730 1262 aetheris
753 1212 783 1262 et
806 1222 875 1263 cum
901 1222 937 1263 eo
959 1223 1074 1264 summa
1096 1205 1272 1263 coniunctio.
1297 1230 1311 1254 a

226 1298 436 1357 Effeminarunt
456 1309 554 1357 autem
576 1317 643 1357 eum
668 1300 832 1374 lunonique
852 1300 1021 1372 tribuerunt,
1035 1298 1117 1375 quod
1138 1300 1209 1358 nihil
1230 1309 1273 1358 est
1325 1291 1328 1296 ’

225 1412 260 1453 eo
281 1394 403 1454 mollius.
445 1394 504 1454 Sed
520 1396 664 1453 Iunonem
680 1413 699 1452 a
712 1394 839 1454 iuvando
854 1395 944 1454 credo
958 1397 1147 1455 nominatam.
1188 1398 1274 1472 Aqua

187 1517 212 1546 ιο
224 1490 349 1551 restabat
362 1500 392 1550 et
405 1500 488 1564 terra,
503 1501 535 1550 ut
549 1502 647 1551 essent
661 1511 697 1550 ex
718 1492 820 1552 fabulis
842 1493 896 1552 tria
917 1510 1006 1570 regna
1020 1492 1120 1553 divisa.
1163 1494 1272 1553 Datum
1302 1514 1316 1554 a

224 1597 268 1648 est
295 1588 379 1665 igitur
406 1590 556 1667 Neptuno,
581 1590 662 1650 alteri
686 1589 772 1662 Iovis,
797 1599 829 1650 ut
852 1591 962 1664 volunt,
986 1591 1072 1664 fratri,
1097 1590 1272 1651 maritimum

224 1704 312 1745 omne
326 1703 457 1763 regnum,
472 1705 640 1766 nomenque
660 1685 847 1772 productum,
862 1697 894 1753 ut
917 1690 1061 1774 Portunus
1082 1707 1101 1746 a
1121 1699 1216 1765 portu,
1231 1688 1273 1748 sic

225 1785 381 1861 Neptunus
400 1803 419 1842 a
440 1782 539 1844 nando
557 1783 677 1861 paulurn
698 1778 797 1860 primis
818 1786 918 1845 litteris
940 1786 1107 1846 immutatis.
1147 1787 1275 1844 Terrena

225 1892 323 1940 autem
336 1881 379 1940 vis
393 1881 489 1940 omnis
502 1891 590 1957 atque
604 1891 706 1941 natura
721 1882 783 1942 Diti
795 1883 870 1959 patri
884 1882 1022 1942 dedicata
1035 1892 1088 1954 est,
1103 1882 1155 1958 qui
1176 1882 1274 1953 Dives,

190 2006 212 2046 ιη
226 1988 257 2037 ut
270 1977 351 2055 apud
365 1979 496 2038 Graecos
510 1978 653 2048 Πλούτων,
668 1979 738 2055 quia
758 1988 787 2039 et
806 1978 942 2039 recidunt
963 1979 1063 2038 omnia
1084 1979 1114 2037 in
1136 1989 1224 2037 terras
1247 1988 1277 2036 et

223 2082 355 2141 oriuntur
368 2099 385 2138 e
400 2081 490 2140 terris.
533 2081 589 2140 Cui
604 2090 724 2157 nuptam
739 2083 844 2141 dicunt
861 2082 1074 2158 Proserpinam,
1089 2080 1171 2157 quod
1186 2082 1275 2141 Grae-

226 2195 327 2236 corum
348 2195 457 2236 nomen
472 2184 534 2249 est;
556 2195 593 2234 ea
613 2178 698 2235 enim,
712 2187 765 2249 est,
780 2194 855 2252 quae
870 2176 1041 2253 Περσεφόνη
1054 2179 1168 2238 Graece
1182 2177 1275 2236 nomi·

224 2284 317 2346 natur,
331 2293 421 2350 quam
442 2274 556 2349 frugum
577 2291 679 2331 semen
700 2291 764 2332 esse
778 2273 880 2332 volunt
900 2273 1163 2348 absconditamque
1177 2273 1276 2348 quaeri

224 2389 243 2428 a
257 2379 348 2428 matre
369 2370 491 2445 lingunt,
534 2371 631 2427 Mater
651 2377 749 2427 autem
772 2376 856 2427 esta
877 2366 1012 2443 gerendis
1036 2369 1164 2444 frugibus
1187 2369 1276 2441 Ceres
1288 2381 1313 2424 ut

187 2492 213 2520 ω
225 2476 374 2541 tamquam
389 2466 500 2525 ‘Geres
510 2466 527 2536 ’,
542 2482 672 2538 casuque
686 2464 781 2540 prima
796 2464 891 2522 littera
910 2462 1012 2542 itidem
1032 2465 1192 2535 immutata,
1207 2473 1239 2522 ut
1259 2483 1277 2522 a

225 2563 365 2634 Graecis;
386 2580 456 2619 nam
476 2560 514 2632 ab
528 2561 581 2618 illis
596 2577 714 2635 quoque
729 2558 867 2634 Δημήτηρ
880 2558 964 2633 quasi
978 2558 1112 2633 Γημήτηρ
1126 2560 1277 2618 nominata

225 2666 277 2716 est.
320 2659 383 2716 Iam
397 2657 448 2732 qui
462 2674 569 2731 magna
581 2663 713 2726 verteret,
729 2656 857 2725 Mavors,
873 2654 1007 2713 Minerva
1019 2663 1127 2726 autem,
1142 2672 1217 2729 quae
1231 2655 1276 2713 vel

224 2754 368 2812 minueret
381 2753 427 2810 vel
442 2734 606 2811 minaretur.
649 2751 784 2826 Cumque
806 2750 836 2807 in
858 2749 994 2808 omnibus
1008 2749 1095 2808 rebus
1108 2751 1166 2809 vim
1187 2750 1318 2813 habe-st

224 2859 288 2908 rent
314 2867 481 2908 maxumam
505 2848 598 2923 prima
622 2856 651 2904 et
679 2856 816 2917 extrema,
838 2845 1001 2923 principem
1028 2845 1058 2904 in
1086 2846 1275 2905 sacrificando

187 2972 212 3011 ις
226 2948 331 3006 lanum
353 2963 416 3005 esse
431 2945 591 3015 voluerunt,
607 2943 689 3019 quod
712 2943 749 3002 ab
770 2941 870 3001 eundo
892 2959 1001 3000 nomen
1024 2950 1068 3000 est
1090 2941 1277 3014 ductum‚.ex

224 3062 284 3120 quo
298 3043 481 3104 transitiones
495 3041 610 3118 perviae
626 3040 718 3099 ‘iani'
733 3040 868 3115 foresque
883 3039 913 3098 in
926 3039 1072 3099 liminibus
1092 3041 1276 3117 profanarum

225 3132 343 3201 aedium
364 3141 501 3199 ‘ianuae’
523 3139 718 3198 nominantur.
762 3138 840 3210 Nam
853 3137 962 3196 Vestae
981 3154 1091 3196 nomen
1104 3156 1123 3196 a
1136 3139 1257 3198 Graecis
1266 3159 1275 3211 ;

225 3237 433 3310 caestenim,
447 3253 523 3312 quae
543 3236 582 3295 ab
602 3234 656 3293 illis
679 3231 780 3293 Ἐστία
803 3232 918 3293 dicitur.
959 3233 1011 3292 Vis
1035 3243 1134 3293 autem
1155 3233 1277 3294 eiusad

224 3352 287 3394 aras
301 3344 330 3394 et
343 3328 426 3395 focos
440 3333 574 3409 pertinet.
617 3332 721 3407 Itaque
736 3330 766 3389 in
780 3349 817 3389 ea
830 3329 897 3402 dea,
912 3330 994 3406 quod
1009 3337 1054 3389 est
1067 3347 1162 3389 rerum
1179 3340 1277 3391 custos

190 3456 213 3496 ³0
225 3409 409 3500 intumarum‚
424 3427 520 3487 omnis
534 3436 563 3486 et
583 3425 713 3502 precatio
728 3434 758 3483 et
771 3425 945 3484 sacrificatio
966 3434 1096 3484 extrema
1116 3435 1169 3486 est
1211 3428 1278 3486 Nec
1289 3445 1315 3486 os

172 3542 174 3547 ·
224 3520 430 3599 longeabsunt
450 3524 487 3582 ab
501 3522 558 3580 hac
571 3521 600 3580 vi
621 3520 651 3579 di
673 3522 797 3580 Penates
817 3520 878 3578 sive
901 3539 919 3579 a
942 3538 1022 3597 penu
1045 3519 1137 3580 ducto
1158 3522 1277 3593 nomine

229 3618 289 3694 (est
309 3619 387 3678 enim
408 3636 506 3688 omne,
528 3635 588 3692 quo
608 3625 765 3696 vescuntur
785 3614 928 3686 homines,
950 3614 1059 3691 penus)
1084 3616 1144 3675 sive
1168 3618 1206 3676 ab
1230 3635 1277 3688 eo,

189 3705 192 3710 ¹
225 3714 306 3790 quod
320 3714 436 3792 penitus
450 3711 576 3790 insident
586 3733 595 3785 ;
616 3730 653 3770 ex
666 3729 727 3787 quo
748 3712 835 3770 etiam
858 3712 1056 3787 ‘penetrales'
1078 3731 1097 3771 a
1117 3713 1212 3787 politis
1226 3731 1276 3771 vo·
1299 3699 1311 3737 Λ

226 3821 335 3871 cantur.
379 3812 442 3870 Iam
455 3808 596 3885 Apollinis
613 3825 723 3866 nomen
744 3817 788 3866 est
809 3808 966 3880 Graecum,
980 3825 1069 3883 quem
1092 3807 1189 3867 Solem
1212 3827 1276 3868 esse
