<?xml version="1.0" encoding="UTF-8"?>
<!DOCTYPE html PUBLIC "-//W3C//DTD XHTML 1.0 Transitional//EN"
    "http://www.w3.org/TR/xhtml1/DTD/xhtml1-transitional.dtd">
<html xmlns="http://www.w3.org/1999/xhtml" xml:lang="en" lang="en">
 <head>
  <title>
</title>
<meta http-equiv="Content-Type" content="text/html;charset=utf-8" />
  <meta name='ocr-system' content='tesseract 3.04.00' />
  <meta name='ocr-capabilities' content='ocr_page ocr_carea ocr_par ocr_line ocrx_word'/>
</head>
<body>
  <div class='ocr_page' id='page_1' title='image "./mtulliiciceroni02schgoog/mtulliiciceroni02schgoog_0051.png"; bbox 0 0 2932 4364; ppageno 0'>
   <div class='ocr_carea' id='block_1_1' title="bbox 129 395 852 473">
    <p class='ocr_par' dir='ltr' id='par_1_1' title="bbox 129 395 852 473">
     <span class='ocr_line' id='line_1_1' title="bbox 129 395 852 473; baseline 0 -17"><span class='ocrx_word' id='word_1_1' title='bbox 129 395 169 473; x_wconf 84' lang='lat'><strong>38</strong></span> <span class='ocrx_word' id='word_1_2' title='bbox 455 408 505 457; x_wconf 78' lang='lat' dir='ltr'><strong>nu</strong></span> <span class='ocrx_word' id='word_1_3' title='bbox 525 407 670 458; x_wconf 80' lang='lat' dir='ltr'>NATURA</span> <span class='ocrx_word' id='word_1_4' title='bbox 693 407 852 458; x_wconf 74' lang='lat' dir='ltr'><strong>osonum</strong></span> 
     </span>
    </p>
   </div>
   <div class='ocr_carea' id='block_1_2' title="bbox 127 559 1180 1004">
    <p class='ocr_par' dir='ltr' id='par_1_2' title="bbox 127 559 1180 1004">
     <span class='ocr_line' id='line_1_2' title="bbox 128 559 1179 637; baseline -0.003 -14"><span class='ocrx_word' id='word_1_5' title='bbox 128 581 203 636; x_wconf 90' lang='lat' dir='ltr'><strong>mus,</strong></span> <span class='ocrx_word' id='word_1_6' title='bbox 218 562 306 624; x_wconf 90' lang='lat' dir='ltr'><strong>Cotta</strong></span> <span class='ocrx_word' id='word_1_7' title='bbox 319 562 432 637; x_wconf 88' lang='lat' dir='ltr'><strong>viderit,</strong></span> <span class='ocrx_word' id='word_1_8' title='bbox 447 571 478 622; x_wconf 91' lang='lat' dir='ltr'><strong>tu</strong></span> <span class='ocrx_word' id='word_1_9' title='bbox 497 571 597 622; x_wconf 89' lang='lat' dir='ltr'><strong>autem</strong></span> <span class='ocrx_word' id='word_1_10' title='bbox 613 561 683 620; x_wconf 94' lang='lat' dir='ltr'><strong>nolo</strong></span> <span class='ocrx_word' id='word_1_11' title='bbox 697 560 844 620; x_wconf 86' lang='lat' dir='ltr'><strong>existimes</strong></span> <span class='ocrx_word' id='word_1_12' title='bbox 863 578 911 620; x_wconf 90' lang='lat' dir='ltr'><strong>me</strong></span> <span class='ocrx_word' id='word_1_13' title='bbox 932 559 1096 620; x_wconf 90' lang='lat' dir='ltr'><strong>adiutorem</strong></span> <span class='ocrx_word' id='word_1_14' title='bbox 1110 559 1179 620; x_wconf 91' lang='lat' dir='ltr'><strong>huic</strong></span> 
     </span>
     <span class='ocr_line' id='line_1_3' title="bbox 127 657 1180 741; baseline -0.004 -21"><span class='ocrx_word' id='word_1_15' title='bbox 127 661 251 733; x_wconf 90' lang='lat' dir='ltr'><strong>venisse,</strong></span> <span class='ocrx_word' id='word_1_16' title='bbox 267 659 321 741; x_wconf 87' lang='lat' dir='ltr'><strong>sed</strong></span> <span class='ocrx_word' id='word_1_17' title='bbox 335 661 508 733; x_wconf 88' lang='lat' dir='ltr'>auditorem,</span> <span class='ocrx_word' id='word_1_18' title='bbox 523 670 553 718; x_wconf 91' lang='lat' dir='ltr'><strong>et</strong></span> <span class='ocrx_word' id='word_1_19' title='bbox 567 658 688 735; x_wconf 91' lang='lat' dir='ltr'><strong>quidem</strong></span> <span class='ocrx_word' id='word_1_20' title='bbox 709 676 845 734; x_wconf 88' lang='lat' dir='ltr'><strong>aequum,</strong></span> <span class='ocrx_word' id='word_1_21' title='bbox 859 657 951 718; x_wconf 91' lang='lat' dir='ltr'><strong>libero</strong></span> <span class='ocrx_word' id='word_1_22' title='bbox 968 658 1087 730; x_wconf 91' lang='lat' dir='ltr'><strong>iudicio,</strong></span> <span class='ocrx_word' id='word_1_23' title='bbox 1101 659 1180 717; x_wconf 92' lang='lat' dir='ltr'><strong>nulla</strong></span> 
     </span>
     <span class='ocr_line' id='line_1_4' title="bbox 128 754 1180 1004; baseline -0.005 -187"><span class='ocrx_word' id='word_1_24' title='bbox 128 759 190 817; x_wconf 90' lang='lat' dir='ltr'><strong>eius</strong></span> <span class='ocrx_word' id='word_1_25' title='bbox 204 757 287 816; x_wconf 94' lang='lat' dir='ltr'><strong>modi</strong></span> <span class='ocrx_word' id='word_1_26' title='bbox 301 756 471 815; x_wconf 90' lang='lat' dir='ltr'><strong>adstrictum</strong></span> <span class='ocrx_word' id='word_1_27' title='bbox 485 756 669 1004; x_wconf 54' lang='lat' dir='ltr'><strong>neceqsiZe,</strong></span> <span class='ocrx_word' id='word_1_28' title='bbox 684 763 716 813; x_wconf 90' lang='lat' dir='ltr'><strong>ut</strong></span> <span class='ocrx_word' id='word_1_29' title='bbox 737 754 818 828; x_wconf 91' lang='lat' dir='ltr'><strong>mihi,</strong></span> <span class='ocrx_word' id='word_1_30' title='bbox 832 755 919 813; x_wconf 88' lang='lat' dir='ltr'><strong>velim</strong></span> <span class='ocrx_word' id='word_1_31' title='bbox 933 755 1034 828; x_wconf 91' lang='lat' dir='ltr'><strong>nolim,</strong></span> <span class='ocrx_word' id='word_1_32' title='bbox 1049 755 1086 813; x_wconf 93' lang='lat' dir='ltr'><strong>sit</strong></span> <span class='ocrx_word' id='word_1_33' title='bbox 1100 765 1180 813; x_wconf 85' lang='lat' dir='ltr'><strong>certa</strong></span> 
     </span>
    </p>
   </div>
   <div class='ocr_carea' id='block_1_3' title="bbox 89 852 1286 3905">
    <p class='ocr_par' dir='ltr' id='par_1_3' title="bbox 89 852 1286 3905">
     <span class='ocr_line' id='line_1_5' title="bbox 128 852 556 928; baseline -0.007 -17"><span class='ocrx_word' id='word_1_34' title='bbox 128 852 275 928; x_wconf 84' lang='lat' dir='ltr'>quaedam</span> <span class='ocrx_word' id='word_1_35' title='bbox 289 852 400 910; x_wconf 86' lang='lat' dir='ltr'><strong>tuenda</strong></span> <span class='ocrx_word' id='word_1_36' title='bbox 413 852 556 910; x_wconf 91' lang='lat' dir='ltr'><strong>sententia</strong></span> 
     </span>
     <span class='ocr_line' id='line_1_6' title="bbox 90 921 1210 1026; baseline 0.002 -19"><span class='ocrx_word' id='word_1_37' title='bbox 90 921 116 1026; x_wconf 68' lang='lat'><strong>1⁸3</strong></span> <span class='ocrx_word' id='word_1_38' title='bbox 167 950 255 1007; x_wconf 67' lang='lat' dir='ltr'><strong>Tum‘</strong></span> <span class='ocrx_word' id='word_1_39' title='bbox 266 949 395 1006; x_wconf 86' lang='lat' dir='ltr'>Velleius</span> <span class='ocrx_word' id='word_1_40' title='bbox 414 946 540 1005; x_wconf 87' lang='lat' dir='ltr'>fidenter</span> <span class='ocrx_word' id='word_1_41' title='bbox 629 992 637 1018; x_wconf 95' lang='lat'><strong>,</strong></span> <span class='ocrx_word' id='word_1_42' title='bbox 656 956 688 1005; x_wconf 90' lang='lat' dir='ltr'><strong>ut</strong></span> <span class='ocrx_word' id='word_1_43' title='bbox 709 946 804 1004; x_wconf 87' lang='lat' dir='ltr'><strong>solent</strong></span> <span class='ocrx_word' id='word_1_44' title='bbox 823 946 878 1018; x_wconf 91' lang='lat' dir='ltr'><strong>isti,</strong></span> <span class='ocrx_word' id='word_1_45' title='bbox 897 945 968 1004; x_wconf 89' lang='lat' dir='ltr'>nihil</span> <span class='ocrx_word' id='word_1_46' title='bbox 986 955 1046 1007; x_wconf 87' lang='lat' dir='ltr'><strong>tam</strong></span> <span class='ocrx_word' id='word_1_47' title='bbox 1064 965 1177 1018; x_wconf 90' lang='lat' dir='ltr'><strong>verens,</strong></span> <span class='ocrx_word' id='word_1_48' title='bbox 1198 970 1210 1009; x_wconf 81' lang='lat' dir='ltr'><strong>s</strong></span> 
     </span>
     <span class='ocr_line' id='line_1_7' title="bbox 128 1040 1180 1120; baseline -0.004 -17"><span class='ocrx_word' id='word_1_49' title='bbox 128 1061 216 1120; x_wconf 90' lang='lat' dir='ltr'><strong>quam</strong></span> <span class='ocrx_word' id='word_1_50' title='bbox 238 1061 281 1103; x_wconf 81' lang='lat' dir='ltr'><strong>ne.</strong></span> <span class='ocrx_word' id='word_1_51' title='bbox 299 1043 432 1102; x_wconf 88' lang='lat' dir='ltr'><strong>dubitare</strong></span> <span class='ocrx_word' id='word_1_52' title='bbox 454 1042 552 1116; x_wconf 90' lang='lat' dir='ltr'><strong>aliqua</strong></span> <span class='ocrx_word' id='word_1_53' title='bbox 576 1040 615 1099; x_wconf 90' lang='lat' dir='ltr'><strong>de</strong></span> <span class='ocrx_word' id='word_1_54' title='bbox 639 1059 670 1099; x_wconf 90' lang='lat' dir='ltr'><strong>re</strong></span> <span class='ocrx_word' id='word_1_55' title='bbox 694 1041 849 1114; x_wconf 89' lang='lat' dir='ltr'><strong>videretur,</strong></span> <span class='ocrx_word' id='word_1_56' title='bbox 863 1050 1014 1117; x_wconf 85' lang='lat' dir='ltr'><strong>tamquam</strong></span> <span class='ocrx_word' id='word_1_57' title='bbox 1036 1041 1128 1100; x_wconf 91' lang='lat' dir='ltr'><strong>modo</strong></span> <span class='ocrx_word' id='word_1_58' title='bbox 1143 1059 1180 1099; x_wconf 90' lang='lat' dir='ltr'><strong>ex</strong></span> 
     </span>
     <span class='ocr_line' id='line_1_8' title="bbox 128 1136 1178 1213; baseline -0.003 -15"><span class='ocrx_word' id='word_1_59' title='bbox 128 1139 252 1199; x_wconf 90' lang='lat' dir='ltr'><strong>deorum</strong></span> <span class='ocrx_word' id='word_1_60' title='bbox 284 1139 410 1197; x_wconf 90' lang='lat' dir='ltr'><strong>concilio</strong></span> <span class='ocrx_word' id='word_1_61' title='bbox 441 1148 471 1196; x_wconf 92' lang='lat' dir='ltr'><strong>et</strong></span> <span class='ocrx_word' id='word_1_62' title='bbox 506 1155 543 1195; x_wconf 92' lang='lat' dir='ltr'><strong>ex</strong></span> <span class='ocrx_word' id='word_1_63' title='bbox 578 1137 698 1213; x_wconf 91' lang='lat' dir='ltr'><strong>Epicuri</strong></span> <span class='ocrx_word' id='word_1_64' title='bbox 732 1136 935 1195; x_wconf 87' lang='lat' dir='ltr'><strong>intermundiis</strong></span> <span class='ocrx_word' id='word_1_65' title='bbox 967 1136 1178 1208; x_wconf 86' lang='lat' dir='ltr'><strong>descendisset,</strong></span> 
     </span>
     <span class='ocr_line' id='line_1_9' title="bbox 128 1233 1179 1311; baseline -0.003 -16"><span class='ocrx_word' id='word_1_66' title='bbox 128 1235 245 1308; x_wconf 89' lang='lat' dir='ltr'><strong>Audite,</strong></span> <span class='ocrx_word' id='word_1_67' title='bbox 269 1235 372 1311; x_wconf 91' lang='lat' dir='ltr'><strong>inquit,</strong></span> <span class='ocrx_word' id='word_1_68' title='bbox 401 1251 463 1293; x_wconf 92' lang='lat' dir='ltr'><strong>non</strong></span> <span class='ocrx_word' id='word_1_69' title='bbox 490 1234 588 1292; x_wconf 83' lang='lat' dir='ltr'><strong>futtilis</strong></span> <span class='ocrx_word' id='word_1_70' title='bbox 617 1233 898 1309; x_wconf 85' lang='lat' dir='ltr'><strong>commenticiasque</strong></span> <span class='ocrx_word' id='word_1_71' title='bbox 927 1233 1093 1304; x_wconf 87' lang='lat' dir='ltr'><strong>sententias,</strong></span> <span class='ocrx_word' id='word_1_72' title='bbox 1118 1250 1179 1292; x_wconf 91' lang='lat' dir='ltr'><strong>non</strong></span> 
     </span>
     <span class='ocr_line' id='line_1_10' title="bbox 129 1329 1243 1408; baseline -0.003 -16"><span class='ocrx_word' id='word_1_73' title='bbox 129 1333 266 1408; x_wconf 86' lang='lat' dir='ltr'><strong>opificem</strong></span> <span class='ocrx_word' id='word_1_74' title='bbox 287 1331 565 1405; x_wconf 87' lang='lat' dir='ltr'><strong>aedificatoremque</strong></span> <span class='ocrx_word' id='word_1_75' title='bbox 587 1330 700 1402; x_wconf 91' lang='lat' dir='ltr'><strong>mundi,</strong></span> <span class='ocrx_word' id='word_1_76' title='bbox 723 1330 850 1388; x_wconf 89' lang='lat' dir='ltr'><strong>Platonis</strong></span> <span class='ocrx_word' id='word_1_77' title='bbox 871 1330 910 1389; x_wconf 90' lang='lat' dir='ltr'><strong>de</strong></span> <span class='ocrx_word' id='word_1_78' title='bbox 933 1331 1058 1389; x_wconf 88' lang='lat' dir='ltr'><strong>Timaeo</strong></span> <span class='ocrx_word' id='word_1_79' title='bbox 1079 1329 1178 1405; x_wconf 83' lang='lat' dir='ltr'><strong>deum,</strong></span> <span class='ocrx_word' id='word_1_80' title='bbox 1240 1385 1243 1389; x_wconf 83' lang='lat'><em>.</em></span> 
     </span>
     <span class='ocr_line' id='line_1_11' title="bbox 128 1423 1217 1504; baseline -0.001 -17"><span class='ocrx_word' id='word_1_81' title='bbox 128 1446 185 1488; x_wconf 91' lang='lat' dir='ltr'><strong>nec</strong></span> <span class='ocrx_word' id='word_1_82' title='bbox 211 1447 300 1487; x_wconf 86' lang='lat' dir='ltr'><strong>anum</strong></span> <span class='ocrx_word' id='word_1_83' title='bbox 321 1428 480 1499; x_wconf 80' lang='lat' dir='ltr'><strong>fatidicam,</strong></span> <span class='ocrx_word' id='word_1_84' title='bbox 502 1423 667 1486; x_wconf 88' lang='lat' dir='ltr'><strong>Stoicorum</strong></span> <span class='ocrx_word' id='word_1_85' title='bbox 694 1425 832 1504; x_wconf 81' lang='grc' dir='ltr'>πρόνοιαν,</span> <span class='ocrx_word' id='word_1_86' title='bbox 861 1445 951 1503; x_wconf 89' lang='lat' dir='ltr'><strong>quarn</strong></span> <span class='ocrx_word' id='word_1_87' title='bbox 979 1428 1081 1486; x_wconf 81' lang='lat' dir='ltr'><strong>Latine</strong></span> <span class='ocrx_word' id='word_1_88' title='bbox 1109 1427 1179 1487; x_wconf 90' lang='lat' dir='ltr'><strong>licet</strong></span> <span class='ocrx_word' id='word_1_89' title='bbox 1192 1449 1217 1477; x_wconf 76' lang='grc' dir='ltr'><strong>ιο</strong></span> 
     </span>
     <span class='ocr_line' id='line_1_12' title="bbox 128 1516 1194 1602; baseline -0.001 -18"><span class='ocrx_word' id='word_1_90' title='bbox 128 1525 400 1602; x_wconf 88' lang='lat' dir='ltr'><strong>providentiam</strong></span> <span class='ocrx_word' id='word_1_91' title='bbox 425 1523 533 1596; x_wconf 86' lang='lat' dir='ltr'><strong>dicere,</strong></span> <span class='ocrx_word' id='word_1_92' title='bbox 550 1541 648 1600; x_wconf 90' lang='lat' dir='ltr'><strong>neque</strong></span> <span class='ocrx_word' id='word_1_93' title='bbox 666 1541 737 1582; x_wconf 88' lang='lat' dir='ltr'><strong>vero</strong></span> <span class='ocrx_word' id='word_1_94' title='bbox 752 1523 897 1584; x_wconf 88' lang='lat' dir='ltr'><strong>mundum</strong></span> <span class='ocrx_word' id='word_1_95' title='bbox 917 1525 1012 1600; x_wconf 89' lang='lat' dir='ltr'><strong>ipsum</strong></span> <span class='ocrx_word' id='word_1_96' title='bbox 1031 1525 1130 1583; x_wconf 88' lang='lat' dir='ltr'><strong>animo</strong></span> <span class='ocrx_word' id='word_1_97' title='bbox 1149 1516 1194 1584; x_wconf 79' lang='lat' dir='ltr'><strong>et¹</strong></span> 
     </span>
     <span class='ocr_line' id='line_1_13' title="bbox 128 1620 1177 1697; baseline -0.002 -16"><span class='ocrx_word' id='word_1_98' title='bbox 128 1623 259 1681; x_wconf 90' lang='lat' dir='ltr'><strong>sensibus</strong></span> <span class='ocrx_word' id='word_1_99' title='bbox 279 1621 454 1697; x_wconf 88' lang='lat' dir='ltr'><strong>praeditum,</strong></span> <span class='ocrx_word' id='word_1_100' title='bbox 465 1620 634 1693; x_wconf 89' lang='lat' dir='ltr'><strong>rotundum,</strong></span> <span class='ocrx_word' id='word_1_101' title='bbox 650 1621 812 1692; x_wconf 88' lang='lat' dir='ltr'><strong>ardentem,</strong></span> <span class='ocrx_word' id='word_1_102' title='bbox 826 1621 983 1679; x_wconf 86' lang='lat' dir='ltr'><strong>volubilem</strong></span> <span class='ocrx_word' id='word_1_103' title='bbox 998 1621 1096 1694; x_wconf 89' lang='lat' dir='ltr'><strong>deum,</strong></span> <span class='ocrx_word' id='word_1_104' title='bbox 1111 1640 1177 1697; x_wconf 89' lang='lat' dir='ltr'><strong>por·</strong></span> 
     </span>
     <span class='ocr_line' id='line_1_14' title="bbox 127 1716 1178 1797; baseline -0.002 -20"><span class='ocrx_word' id='word_1_105' title='bbox 127 1726 209 1777; x_wconf 88' lang='lat' dir='ltr'><strong>tenta</strong></span> <span class='ocrx_word' id='word_1_106' title='bbox 222 1727 252 1775; x_wconf 92' lang='lat' dir='ltr'><strong>et</strong></span> <span class='ocrx_word' id='word_1_107' title='bbox 271 1717 409 1775; x_wconf 88' lang='lat' dir='ltr'><strong>miracula</strong></span> <span class='ocrx_word' id='word_1_108' title='bbox 429 1736 490 1776; x_wconf 90' lang='lat' dir='ltr'><strong>non</strong></span> <span class='ocrx_word' id='word_1_109' title='bbox 511 1716 716 1797; x_wconf 85' lang='lat' dir='ltr'><strong>disserentium</strong></span> <span class='ocrx_word' id='word_1_110' title='bbox 737 1717 988 1792; x_wconf 90' lang='lat' dir='ltr'><strong>philosophorum,</strong></span> <span class='ocrx_word' id='word_1_111' title='bbox 1003 1717 1057 1776; x_wconf 90' lang='lat' dir='ltr'><strong>sed</strong></span> <span class='ocrx_word' id='word_1_112' title='bbox 1068 1717 1178 1776; x_wconf 83' lang='lat' dir='ltr'><strong>&#39;somni-</strong></span> 
     </span>
     <span class='ocr_line' id='line_1_15' title="bbox 89 1809 1181 1897; baseline 0.002 -28"><span class='ocrx_word' id='word_1_113' title='bbox 89 1815 248 1872; x_wconf 76' lang='lat' dir='ltr'><strong>nantium.</strong></span> <span class='ocrx_word' id='word_1_114' title='bbox 303 1813 418 1897; x_wconf 80' lang='lat' dir='ltr'><strong>Quibus</strong></span> <span class='ocrx_word' id='word_1_115' title='bbox 446 1813 525 1871; x_wconf 91' lang='lat' dir='ltr'><strong>enim</strong></span> <span class='ocrx_word' id='word_1_116' title='bbox 553 1813 646 1871; x_wconf 88' lang='lat' dir='ltr'><strong>oculis</strong></span> <span class='ocrx_word' id='word_1_117' title='bbox 677 1809 799 1891; x_wconf 89' lang='lat' dir='ltr'><strong>[animi]</strong></span> <span class='ocrx_word' id='word_1_118' title='bbox 831 1812 935 1871; x_wconf 91' lang='lat' dir='ltr'><strong>intueri</strong></span> <span class='ocrx_word' id='word_1_119' title='bbox 962 1813 1059 1888; x_wconf 86' lang='lat' dir='ltr'><strong>potuit</strong></span> <span class='ocrx_word' id='word_1_120' title='bbox 1084 1823 1181 1872; x_wconf 90' lang='lat' dir='ltr'><strong>vester</strong></span> 
     </span>
     <span class='ocr_line' id='line_1_16' title="bbox 129 1892 1216 1985; baseline -0.003 -17"><span class='ocrx_word' id='word_1_121' title='bbox 129 1910 210 1968; x_wconf 90' lang='lat' dir='ltr'><strong>Plato</strong></span> <span class='ocrx_word' id='word_1_122' title='bbox 233 1892 473 1967; x_wconf 68' lang='lat' dir='ltr'><strong>sabri&#39;c&#39;r&#39;irii‘illam</strong></span> <span class='ocrx_word' id='word_1_123' title='bbox 497 1909 570 1967; x_wconf 88' lang='lat' dir='ltr'><strong>tanti</strong></span> <span class='ocrx_word' id='word_1_124' title='bbox 594 1908 700 1984; x_wconf 87' lang='lat' dir='ltr'><strong>operis,</strong></span> <span class='ocrx_word' id='word_1_125' title='bbox 724 1927 783 1985; x_wconf 90' lang='lat' dir='ltr'><strong>qua</strong></span> <span class='ocrx_word' id='word_1_126' title='bbox 807 1909 937 1968; x_wconf 82' lang='lat' dir='ltr'><strong>construi</strong></span> <span class='ocrx_word' id='word_1_127' title='bbox 961 1928 979 1967; x_wconf 91' lang='lat' dir='ltr'><strong>a</strong></span> <span class='ocrx_word' id='word_1_128' title='bbox 1003 1908 1062 1967; x_wconf 92' lang='lat' dir='ltr'><strong>deo</strong></span> <span class='ocrx_word' id='word_1_129' title='bbox 1090 1920 1178 1985; x_wconf 90' lang='lat' dir='ltr'><strong>atque</strong></span> <span class='ocrx_word' id='word_1_130' title='bbox 1192 1926 1216 1965; x_wconf 70' lang='grc' dir='ltr'><strong>ιε</strong></span> 
     </span>
     <span class='ocr_line' id='line_1_17' title="bbox 128 2005 1179 2082; baseline 0 -17"><span class='ocrx_word' id='word_1_131' title='bbox 128 2006 274 2066; x_wconf 86' lang='lat' dir='ltr'><strong>aedificari</strong></span> <span class='ocrx_word' id='word_1_132' title='bbox 298 2005 443 2064; x_wconf 91' lang='lat' dir='ltr'><strong>mundum</strong></span> <span class='ocrx_word' id='word_1_133' title='bbox 467 2006 556 2064; x_wconf 83' lang='lat' dir='ltr'><strong>facit?</strong></span> <span class='ocrx_word' id='word_1_134' title='bbox 583 2023 659 2081; x_wconf 81' lang='lat' dir='ltr'><strong>quae</strong></span> <span class='ocrx_word' id='word_1_135' title='bbox 683 2005 805 2077; x_wconf 90' lang='lat' dir='ltr'><strong>molitio,</strong></span> <span class='ocrx_word' id='word_1_136' title='bbox 827 2022 903 2082; x_wconf 90' lang='lat' dir='ltr'><strong>quae</strong></span> <span class='ocrx_word' id='word_1_137' title='bbox 924 2005 1106 2080; x_wconf 82' lang='lat' dir='ltr'><strong>ferramenta,</strong></span> <span class='ocrx_word' id='word_1_138' title='bbox 1128 2006 1179 2082; x_wconf 93' lang='lat' dir='ltr'><strong>qui</strong></span> 
     </span>
     <span class='ocr_line' id='line_1_18' title="bbox 127 2101 1179 2179; baseline 0 -17"><span class='ocrx_word' id='word_1_139' title='bbox 127 2113 236 2175; x_wconf 87' lang='lat' dir='ltr'><strong>vectes,</strong></span> <span class='ocrx_word' id='word_1_140' title='bbox 265 2121 340 2179; x_wconf 92' lang='lat' dir='ltr'><strong>quae</strong></span> <span class='ocrx_word' id='word_1_141' title='bbox 368 2103 532 2175; x_wconf 87' lang='lat' dir='ltr'><strong>machinae,</strong></span> <span class='ocrx_word' id='word_1_142' title='bbox 559 2103 611 2178; x_wconf 55' lang='lat' dir='ltr'><strong>,qui</strong></span> <span class='ocrx_word' id='word_1_143' title='bbox 639 2101 761 2161; x_wconf 88' lang='lat' dir='ltr'><strong>ministri</strong></span> <span class='ocrx_word' id='word_1_144' title='bbox 789 2101 862 2161; x_wconf 88' lang='lat' dir='ltr'><strong>tanti</strong></span> <span class='ocrx_word' id='word_1_145' title='bbox 889 2103 1017 2162; x_wconf 89' lang='lat' dir='ltr'><strong>muneris</strong></span> <span class='ocrx_word' id='word_1_146' title='bbox 1044 2104 1179 2162; x_wconf 84' lang='lat' dir='ltr'><strong>luerunt?</strong></span> 
     </span>
     <span class='ocr_line' id='line_1_19' title="bbox 128 2198 1178 2284; baseline 0 -26"><span class='ocrx_word' id='word_1_147' title='bbox 128 2199 270 2275; x_wconf 88' lang='lat' dir='ltr'><strong>quemad</strong></span> <span class='ocrx_word' id='word_1_148' title='bbox 291 2198 414 2257; x_wconf 89' lang='lat' dir='ltr'><strong>modum</strong></span> <span class='ocrx_word' id='word_1_149' title='bbox 435 2209 534 2257; x_wconf 90' lang='lat' dir='ltr'><strong>autern</strong></span> <span class='ocrx_word' id='word_1_150' title='bbox 548 2199 737 2284; x_wconf 26' lang='lat' dir='ltr'><strong>obqedire‘et</strong></span> <span class='ocrx_word' id='word_1_151' title='bbox 757 2216 858 2274; x_wconf 89' lang='lat' dir='ltr'><strong>parere</strong></span> <span class='ocrx_word' id='word_1_152' title='bbox 871 2199 1012 2258; x_wconf 90' lang='lat' dir='ltr'><strong>voluntati</strong></span> <span class='ocrx_word' id='word_1_153' title='bbox 1028 2200 1178 2258; x_wconf 89' lang='lat' dir='ltr'><strong>architecti</strong></span> 
     </span>
     <span class='ocr_line' id='line_1_20' title="bbox 128 2275 1178 2370; baseline 0 -17"><span class='ocrx_word' id='word_1_154' title='bbox 128 2295 186 2367; x_wconf 68' lang='lat' dir='ltr'><strong>air,</strong></span> <span class='ocrx_word' id='word_1_155' title='bbox 201 2295 284 2370; x_wconf 93' lang='lat' dir='ltr'><strong>ignis,</strong></span> <span class='ocrx_word' id='word_1_156' title='bbox 299 2313 384 2369; x_wconf 82' lang='lat' dir='ltr'><strong>aqua,</strong></span> <span class='ocrx_word' id='word_1_157' title='bbox 399 2302 475 2352; x_wconf 90' lang='lat' dir='ltr'><strong>terra</strong></span> <span class='ocrx_word' id='word_1_158' title='bbox 488 2275 670 2369; x_wconf 52' lang='lat' dir='ltr'><strong>potuerunt}</strong></span> <span class='ocrx_word' id='word_1_159' title='bbox 686 2292 767 2352; x_wconf 92' lang='lat' dir='ltr'><strong>unde</strong></span> <span class='ocrx_word' id='word_1_160' title='bbox 780 2291 855 2352; x_wconf 88' lang='lat' dir='ltr'><strong>vero</strong></span> <span class='ocrx_word' id='word_1_161' title='bbox 871 2303 951 2352; x_wconf 88' lang='lat' dir='ltr'><strong>ortae</strong></span> <span class='ocrx_word' id='word_1_162' title='bbox 969 2294 1033 2352; x_wconf 88' lang='lat' dir='ltr'><strong>illae</strong></span> <span class='ocrx_word' id='word_1_163' title='bbox 1049 2295 1178 2370; x_wconf 87' lang='lat' dir='ltr'><strong>quinque</strong></span> 
     </span>
     <span class='ocr_line' id='line_1_21' title="bbox 128 2389 1217 2465; baseline 0.001 -17"><span class='ocrx_word' id='word_1_164' title='bbox 128 2391 248 2462; x_wconf 78' lang='lat' dir='ltr'><strong>formae,</strong></span> <span class='ocrx_word' id='word_1_165' title='bbox 263 2407 301 2448; x_wconf 92' lang='lat' dir='ltr'><strong>ex</strong></span> <span class='ocrx_word' id='word_1_166' title='bbox 319 2390 424 2464; x_wconf 94' lang='lat' dir='ltr'><strong>quibus</strong></span> <span class='ocrx_word' id='word_1_167' title='bbox 444 2389 555 2465; x_wconf 91' lang='lat' dir='ltr'><strong>reliqua</strong></span> <span class='ocrx_word' id='word_1_168' title='bbox 568 2390 736 2461; x_wconf 83' lang='lat' dir='ltr'><strong>formantur,</strong></span> <span class='ocrx_word' id='word_1_169' title='bbox 750 2399 819 2464; x_wconf 89' lang='lat' dir='ltr'><strong>apte</strong></span> <span class='ocrx_word' id='word_1_170' title='bbox 841 2389 981 2448; x_wconf 89' lang='lat' dir='ltr'><strong>cadentes</strong></span> <span class='ocrx_word' id='word_1_171' title='bbox 995 2389 1034 2448; x_wconf 90' lang='lat' dir='ltr'><strong>ad</strong></span> <span class='ocrx_word' id='word_1_172' title='bbox 1048 2391 1177 2449; x_wconf 90' lang='lat' dir='ltr'><strong>animum</strong></span> <span class='ocrx_word' id='word_1_173' title='bbox 1191 2414 1217 2441; x_wconf 74' lang='grc' dir='ltr'><strong><em>ω</em></strong></span> 
     </span>
     <span class='ocr_line' id='line_1_22' title="bbox 129 2485 1178 2563; baseline 0 -18"><span class='ocrx_word' id='word_1_174' title='bbox 129 2485 318 2545; x_wconf 88' lang='lat' dir='ltr'><strong>afficiendum</strong></span> <span class='ocrx_word' id='word_1_175' title='bbox 345 2486 561 2563; x_wconf 85' lang='lat' dir='ltr'><strong>pariendosque</strong></span> <span class='ocrx_word' id='word_1_176' title='bbox 590 2486 713 2545; x_wconf 84' lang='lat' dir='ltr'><strong>sensus?</strong></span> <span class='ocrx_word' id='word_1_177' title='bbox 767 2485 902 2561; x_wconf 88' lang='lat' dir='ltr'><strong>Longum</strong></span> <span class='ocrx_word' id='word_1_178' title='bbox 930 2495 975 2544; x_wconf 91' lang='lat' dir='ltr'><strong>est</strong></span> <span class='ocrx_word' id='word_1_179' title='bbox 1002 2486 1040 2544; x_wconf 90' lang='lat' dir='ltr'><strong>ad</strong></span> <span class='ocrx_word' id='word_1_180' title='bbox 1069 2488 1178 2559; x_wconf 89' lang='lat' dir='ltr'><strong>omnia,</strong></span> 
     </span>
     <span class='ocr_line' id='line_1_23' title="bbox 129 2582 1178 2659; baseline 0.001 -18"><span class='ocrx_word' id='word_1_181' title='bbox 129 2601 205 2659; x_wconf 90' lang='lat' dir='ltr'><strong>quae</strong></span> <span class='ocrx_word' id='word_1_182' title='bbox 226 2583 294 2641; x_wconf 85' lang='lat' dir='ltr'><strong>talia</strong></span> <span class='ocrx_word' id='word_1_183' title='bbox 313 2592 389 2655; x_wconf 91' lang='lat' dir='ltr'><strong>sunt,</strong></span> <span class='ocrx_word' id='word_1_184' title='bbox 403 2592 435 2640; x_wconf 92' lang='lat' dir='ltr'><strong>ut</strong></span> <span class='ocrx_word' id='word_1_185' title='bbox 457 2593 558 2659; x_wconf 87' lang='lat' dir='ltr'><strong>optata</strong></span> <span class='ocrx_word' id='word_1_186' title='bbox 578 2583 670 2658; x_wconf 90' lang='lat' dir='ltr'><strong>magis</strong></span> <span class='ocrx_word' id='word_1_187' title='bbox 684 2600 773 2657; x_wconf 92' lang='lat' dir='ltr'><strong>quam</strong></span> <span class='ocrx_word' id='word_1_188' title='bbox 793 2583 912 2640; x_wconf 89' lang='lat' dir='ltr'><strong>inventa</strong></span> <span class='ocrx_word' id='word_1_189' title='bbox 931 2582 1103 2657; x_wconf 89' lang='lat' dir='ltr'><strong>videantur;</strong></span> <span class='ocrx_word' id='word_1_190' title='bbox 1125 2583 1178 2642; x_wconf 92' lang='lat' dir='ltr'><strong>sed</strong></span> 
     </span>
     <span class='ocr_line' id='line_1_24' title="bbox 91 2666 1176 2758; baseline 0.004 -24"><span class='ocrx_word' id='word_1_191' title='bbox 91 2681 177 2740; x_wconf 78' lang='lat' dir='ltr'><strong>anilla</strong></span> <span class='ocrx_word' id='word_1_192' title='bbox 203 2681 350 2757; x_wconf 85' lang='lat' dir='ltr'><strong>palmaria,</strong></span> <span class='ocrx_word' id='word_1_193' title='bbox 378 2681 469 2758; x_wconf 91' lang='lat' dir='ltr'><strong>quod,</strong></span> <span class='ocrx_word' id='word_1_194' title='bbox 498 2681 548 2757; x_wconf 92' lang='lat' dir='ltr'><strong>qui</strong></span> <span class='ocrx_word' id='word_1_195' title='bbox 574 2699 635 2739; x_wconf 92' lang='lat' dir='ltr'><strong>non</strong></span> <span class='ocrx_word' id='word_1_196' title='bbox 668 2679 760 2738; x_wconf 92' lang='lat' dir='ltr'><strong>modo</strong></span> <span class='ocrx_word' id='word_1_197' title='bbox 787 2690 889 2738; x_wconf 91' lang='lat' dir='ltr'><strong>natum</strong></span> <span class='ocrx_word' id='word_1_198' title='bbox 917 2666 1061 2739; x_wconf 85' lang='lat' dir='ltr'><strong>mundum</strong></span> <span class='ocrx_word' id='word_1_199' title='bbox 1089 2681 1176 2739; x_wconf 91' lang='lat' dir='ltr'><strong>intro-</strong></span> 
     </span>
     <span class='ocr_line' id='line_1_25' title="bbox 130 2775 1177 2852; baseline 0 -18"><span class='ocrx_word' id='word_1_200' title='bbox 130 2775 252 2848; x_wconf 89' lang='lat' dir='ltr'><strong>duxerit,</strong></span> <span class='ocrx_word' id='word_1_201' title='bbox 274 2776 328 2835; x_wconf 91' lang='lat' dir='ltr'><strong>sed</strong></span> <span class='ocrx_word' id='word_1_202' title='bbox 352 2777 439 2835; x_wconf 87' lang='lat' dir='ltr'><strong>etiarn</strong></span> <span class='ocrx_word' id='word_1_203' title='bbox 466 2795 554 2834; x_wconf 90' lang='lat' dir='ltr'><strong>manu</strong></span> <span class='ocrx_word' id='word_1_204' title='bbox 583 2794 677 2852; x_wconf 90' lang='lat' dir='ltr'><strong>paene</strong></span> <span class='ocrx_word' id='word_1_205' title='bbox 698 2776 817 2847; x_wconf 80' lang='lat' dir='ltr'><strong>facturn,</strong></span> <span class='ocrx_word' id='word_1_206' title='bbox 839 2776 863 2834; x_wconf 95' lang='lat' dir='ltr'><strong>is</strong></span> <span class='ocrx_word' id='word_1_207' title='bbox 892 2794 960 2834; x_wconf 89' lang='lat' dir='ltr'><strong>eum</strong></span> <span class='ocrx_word' id='word_1_208' title='bbox 988 2776 1093 2834; x_wconf 88' lang='lat' dir='ltr'><strong>dixerit</strong></span> <span class='ocrx_word' id='word_1_209' title='bbox 1117 2777 1177 2834; x_wconf 83' lang='lat' dir='ltr'><strong>sore</strong></span> 
     </span>
     <span class='ocr_line' id='line_1_26' title="bbox 129 2870 1216 2950; baseline 0.005 -20"><span class='ocrx_word' id='word_1_210' title='bbox 129 2872 347 2950; x_wconf 84' lang='lat' dir='ltr'><strong>sempitemunr.</strong></span> <span class='ocrx_word' id='word_1_211' title='bbox 389 2872 482 2928; x_wconf 90' lang='lat' dir='ltr'><strong>Hunc</strong></span> <span class='ocrx_word' id='word_1_212' title='bbox 502 2889 606 2928; x_wconf 89' lang='lat' dir='ltr'><strong>censes</strong></span> <span class='ocrx_word' id='word_1_213' title='bbox 626 2871 736 2945; x_wconf 87' lang='lat' dir='ltr'><strong>primis,</strong></span> <span class='ocrx_word' id='word_1_214' title='bbox 753 2880 786 2928; x_wconf 91' lang='lat' dir='ltr'><strong>ut</strong></span> <span class='ocrx_word' id='word_1_215' title='bbox 806 2870 921 2942; x_wconf 91' lang='lat' dir='ltr'><strong>dicitur,</strong></span> <span class='ocrx_word' id='word_1_216' title='bbox 942 2871 1027 2929; x_wconf 90' lang='lat' dir='ltr'><strong>labris</strong></span> <span class='ocrx_word' id='word_1_217' title='bbox 1047 2882 1177 2947; x_wconf 85' lang='lat' dir='ltr'><strong>gustasse</strong></span> <span class='ocrx_word' id='word_1_218' title='bbox 1191 2896 1216 2934; x_wconf 71' lang='lat' dir='ltr'><strong>as</strong></span> 
     </span>
     <span class='ocr_line' id='line_1_27' title="bbox 129 2963 1178 3042; baseline 0 -18"><span class='ocrx_word' id='word_1_219' title='bbox 129 2966 351 3042; x_wconf 84' lang='lat' dir='ltr'><strong>physiologiam,</strong></span> <span class='ocrx_word' id='word_1_220' title='bbox 373 2963 404 3022; x_wconf 95' lang='lat' dir='ltr'><strong>id</strong></span> <span class='ocrx_word' id='word_1_221' title='bbox 428 2975 473 3023; x_wconf 91' lang='lat' dir='ltr'><strong>est</strong></span> <span class='ocrx_word' id='word_1_222' title='bbox 499 2974 618 3023; x_wconf 88' lang='lat' dir='ltr'><strong>naturae</strong></span> <span class='ocrx_word' id='word_1_223' title='bbox 645 2965 799 3035; x_wconf 87' lang='lat' dir='ltr'><strong>rationem,</strong></span> <span class='ocrx_word' id='word_1_224' title='bbox 826 2965 878 3039; x_wconf 92' lang='lat' dir='ltr'><strong>qui</strong></span> <span class='ocrx_word' id='word_1_225' title='bbox 905 2967 1072 3040; x_wconf 89' lang='lat' dir='ltr'><strong>quicquam,</strong></span> <span class='ocrx_word' id='word_1_226' title='bbox 1096 2965 1178 3040; x_wconf 90' lang='lat' dir='ltr'><strong>quod</strong></span> 
     </span>
     <span class='ocr_line' id='line_1_28' title="bbox 129 3058 1176 3137; baseline -0.001 -16"><span class='ocrx_word' id='word_1_227' title='bbox 129 3071 226 3121; x_wconf 89' lang='lat' dir='ltr'><strong>ortum</strong></span> <span class='ocrx_word' id='word_1_228' title='bbox 243 3061 288 3133; x_wconf 93' lang='lat' dir='ltr'><strong>sit,</strong></span> <span class='ocrx_word' id='word_1_229' title='bbox 302 3068 386 3136; x_wconf 90' lang='lat' dir='ltr'><strong>putet</strong></span> <span class='ocrx_word' id='word_1_230' title='bbox 409 3069 559 3118; x_wconf 89' lang='lat' dir='ltr'><strong>aeternum</strong></span> <span class='ocrx_word' id='word_1_231' title='bbox 584 3077 648 3118; x_wconf 90' lang='lat' dir='ltr'><strong>esse</strong></span> <span class='ocrx_word' id='word_1_232' title='bbox 669 3058 777 3137; x_wconf 78' lang='lat' dir='ltr'><strong>posse?</strong></span> <span class='ocrx_word' id='word_1_233' title='bbox 818 3059 903 3136; x_wconf 89' lang='lat' dir='ltr'><strong>Quae</strong></span> <span class='ocrx_word' id='word_1_234' title='bbox 920 3070 964 3119; x_wconf 90' lang='lat' dir='ltr'><strong>est</strong></span> <span class='ocrx_word' id='word_1_235' title='bbox 986 3061 1066 3119; x_wconf 90' lang='lat' dir='ltr'><strong>enim</strong></span> <span class='ocrx_word' id='word_1_236' title='bbox 1090 3079 1176 3137; x_wconf 91' lang='lat' dir='ltr'><strong>coag-</strong></span> 
     </span>
     <span class='ocr_line' id='line_1_29' title="bbox 129 3155 1177 3234; baseline 0 -18"><span class='ocrx_word' id='word_1_237' title='bbox 129 3156 270 3217; x_wconf 88' lang='lat' dir='ltr'><strong>mentatio</strong></span> <span class='ocrx_word' id='word_1_238' title='bbox 291 3173 352 3215; x_wconf 88' lang='lat' dir='ltr'><strong>non</strong></span> <span class='ocrx_word' id='word_1_239' title='bbox 376 3155 571 3215; x_wconf 85' lang='lat' dir='ltr'><strong>dissolubilis?</strong></span> <span class='ocrx_word' id='word_1_240' title='bbox 590 3166 641 3214; x_wconf 93' lang='lat' dir='ltr'><strong>aut</strong></span> <span class='ocrx_word' id='word_1_241' title='bbox 664 3155 736 3231; x_wconf 91' lang='lat' dir='ltr'><strong>quid</strong></span> <span class='ocrx_word' id='word_1_242' title='bbox 760 3165 814 3229; x_wconf 88' lang='lat' dir='ltr'><strong>est,</strong></span> <span class='ocrx_word' id='word_1_243' title='bbox 830 3157 912 3216; x_wconf 92' lang='lat' dir='ltr'><strong>cuius</strong></span> <span class='ocrx_word' id='word_1_244' title='bbox 935 3157 1112 3234; x_wconf 88' lang='lat' dir='ltr'><strong>principium</strong></span> <span class='ocrx_word' id='word_1_245' title='bbox 1127 3158 1177 3216; x_wconf 89' lang='lat' dir='ltr'><strong>ali-</strong></span> 
     </span>
     <span class='ocr_line' id='line_1_30' title="bbox 129 3252 1178 3331; baseline 0.002 -19"><span class='ocrx_word' id='word_1_246' title='bbox 129 3253 210 3331; x_wconf 93' lang='lat' dir='ltr'><strong>quod</strong></span> <span class='ocrx_word' id='word_1_247' title='bbox 231 3253 276 3326; x_wconf 90' lang='lat' dir='ltr'><strong>sit,</strong></span> <span class='ocrx_word' id='word_1_248' title='bbox 291 3252 362 3312; x_wconf 93' lang='lat' dir='ltr'><strong>nihil</strong></span> <span class='ocrx_word' id='word_1_249' title='bbox 382 3253 419 3312; x_wconf 90' lang='lat' dir='ltr'><strong>sit</strong></span> <span class='ocrx_word' id='word_1_250' title='bbox 439 3254 623 3313; x_wconf 83' lang='lat' dir='ltr'><strong>extremum?</strong></span> <span class='ocrx_word' id='word_1_251' title='bbox 663 3253 798 3311; x_wconf 87' lang='lat' dir='ltr'><strong>Pronoea</strong></span> <span class='ocrx_word' id='word_1_252' title='bbox 816 3271 885 3312; x_wconf 88' lang='lat' dir='ltr'><strong>vcro</strong></span> <span class='ocrx_word' id='word_1_253' title='bbox 906 3264 1010 3326; x_wconf 86' lang='lat' dir='ltr'><strong>vestra,</strong></span> <span class='ocrx_word' id='word_1_254' title='bbox 1029 3255 1131 3327; x_wconf 92' lang='lat' dir='ltr'><strong>Lucili,</strong></span> <span class='ocrx_word' id='word_1_255' title='bbox 1153 3255 1178 3314; x_wconf 93' lang='lat' dir='ltr'><strong>si</strong></span> 
     </span>
     <span class='ocr_line' id='line_1_31' title="bbox 129 3349 1230 3427; baseline 0.003 -18"><span class='ocrx_word' id='word_1_256' title='bbox 129 3358 173 3409; x_wconf 91' lang='lat' dir='ltr'><strong>est</strong></span> <span class='ocrx_word' id='word_1_257' title='bbox 193 3351 302 3422; x_wconf 85' lang='lat' dir='ltr'><strong>eadem,</strong></span> <span class='ocrx_word' id='word_1_258' title='bbox 325 3349 430 3408; x_wconf 88' lang='lat' dir='ltr'><strong>eadem</strong></span> <span class='ocrx_word' id='word_1_259' title='bbox 451 3350 575 3425; x_wconf 89' lang='lat' dir='ltr'><strong>requiro,</strong></span> <span class='ocrx_word' id='word_1_260' title='bbox 597 3367 672 3424; x_wconf 89' lang='lat' dir='ltr'><strong>quae</strong></span> <span class='ocrx_word' id='word_1_261' title='bbox 693 3350 782 3427; x_wconf 88' lang='lat' dir='ltr'><strong>paulo</strong></span> <span class='ocrx_word' id='word_1_262' title='bbox 803 3359 880 3421; x_wconf 89' lang='lat' dir='ltr'><strong>ante,</strong></span> <span class='ocrx_word' id='word_1_263' title='bbox 895 3351 1050 3423; x_wconf 84' lang='lat' dir='ltr'><strong>ministros,</strong></span> <span class='ocrx_word' id='word_1_264' title='bbox 1065 3352 1174 3410; x_wconf 91' lang='lat' dir='ltr'><strong>machi·</strong></span> <span class='ocrx_word' id='word_1_265' title='bbox 1190 3375 1230 3414; x_wconf 79' lang='lat'><strong>³0·</strong></span> 
     </span>
     <span class='ocr_line' id='line_1_32' title="bbox 94 3445 1177 3523; baseline 0.001 -17"><span class='ocrx_word' id='word_1_266' title='bbox 94 3449 102 3461; x_wconf 58' lang='lat'><em>⁶</em></span> <span class='ocrx_word' id='word_1_267' title='bbox 128 3465 189 3520; x_wconf 89' lang='lat' dir='ltr'><strong>nas,</strong></span> <span class='ocrx_word' id='word_1_268' title='bbox 205 3464 325 3505; x_wconf 89' lang='lat' dir='ltr'><strong>omnem</strong></span> <span class='ocrx_word' id='word_1_269' title='bbox 349 3447 437 3505; x_wconf 88' lang='lat' dir='ltr'><strong>totius</strong></span> <span class='ocrx_word' id='word_1_270' title='bbox 451 3447 547 3522; x_wconf 90' lang='lat' dir='ltr'><strong>operis</strong></span> <span class='ocrx_word' id='word_1_271' title='bbox 561 3445 801 3522; x_wconf 87' lang='lat' dir='ltr'><strong>dissignationem</strong></span> <span class='ocrx_word' id='word_1_272' title='bbox 817 3456 905 3522; x_wconf 90' lang='lat' dir='ltr'><strong>atque</strong></span> <span class='ocrx_word' id='word_1_273' title='bbox 919 3458 1111 3523; x_wconf 73' lang='lat' dir='ltr'><strong>apparatum,</strong></span> <span class='ocrx_word' id='word_1_274' title='bbox 1132 3449 1177 3507; x_wconf 92' lang='lat' dir='ltr'><strong>sin</strong></span> 
     </span>
     <span class='ocr_line' id='line_1_33' title="bbox 127 3530 1286 3620; baseline 0.003 -18"><span class='ocrx_word' id='word_1_275' title='bbox 127 3544 183 3602; x_wconf 87' lang='lat' dir='ltr'><strong>alia</strong></span> <span class='ocrx_word' id='word_1_276' title='bbox 203 3553 255 3617; x_wconf 89' lang='lat' dir='ltr'><strong>est,</strong></span> <span class='ocrx_word' id='word_1_277' title='bbox 271 3562 324 3602; x_wconf 91' lang='lat' dir='ltr'><strong>cur</strong></span> <span class='ocrx_word' id='word_1_278' title='bbox 343 3543 495 3602; x_wconf 84' lang='lat' dir='ltr'><strong>mortalem</strong></span> <span class='ocrx_word' id='word_1_279' title='bbox 516 3530 876 3616; x_wconf 53' lang='lat' dir='ltr'><strong>secerit&#39;mundummon,</strong></span> <span class='ocrx_word' id='word_1_280' title='bbox 891 3544 1033 3620; x_wconf 89' lang='lat' dir='ltr'><strong>quemad</strong></span> <span class='ocrx_word' id='word_1_281' title='bbox 1054 3544 1176 3605; x_wconf 88' lang='lat' dir='ltr'><strong>modum</strong></span> <span class='ocrx_word' id='word_1_282' title='bbox 1282 3545 1286 3552; x_wconf 87' lang='lat'>&#39;</span> 
     </span>
     <span class='ocr_line' id='line_1_34' title="bbox 89 3617 1176 3724; baseline 0.001 -25"><span class='ocrx_word' id='word_1_283' title='bbox 89 3617 295 3724; x_wconf 60' lang='lat' dir='ltr'><strong>,⁰1Platonicus</strong></span> <span class='ocrx_word' id='word_1_284' title='bbox 324 3639 406 3711; x_wconf 91' lang='lat' dir='ltr'><strong>deus,</strong></span> <span class='ocrx_word' id='word_1_285' title='bbox 430 3640 648 3714; x_wconf 88' lang='lat' dir='ltr'><strong>sempiternum.</strong></span> <span class='ocrx_word' id='word_1_286' title='bbox 689 3638 736 3698; x_wconf 89' lang='lat' dir='ltr'><strong>Ab</strong></span> <span class='ocrx_word' id='word_1_287' title='bbox 756 3649 880 3715; x_wconf 91' lang='lat' dir='ltr'><strong>utroque</strong></span> <span class='ocrx_word' id='word_1_288' title='bbox 909 3651 1007 3700; x_wconf 90' lang='lat' dir='ltr'><strong>autem</strong></span> <span class='ocrx_word' id='word_1_289' title='bbox 1036 3643 1176 3714; x_wconf 93' lang='lat' dir='ltr'><strong>sciscitor,</strong></span> 
     </span>
     <span class='ocr_line' id='line_1_35' title="bbox 127 3736 1175 3810; baseline 0.002 -17"><span class='ocrx_word' id='word_1_290' title='bbox 127 3754 180 3794; x_wconf 88' lang='lat' dir='ltr'><strong>cur</strong></span> <span class='ocrx_word' id='word_1_291' title='bbox 196 3736 299 3794; x_wconf 88' lang='lat' dir='ltr'><strong>mundi</strong></span> <span class='ocrx_word' id='word_1_292' title='bbox 320 3736 521 3794; x_wconf 83' lang='lat' dir='ltr'><strong>aedificatores</strong></span> <span class='ocrx_word' id='word_1_293' title='bbox 540 3745 662 3810; x_wconf 90' lang='lat' dir='ltr'><strong>repente</strong></span> <span class='ocrx_word' id='word_1_294' title='bbox 682 3736 852 3806; x_wconf 89' lang='lat' dir='ltr'><strong>exstiterint,</strong></span> <span class='ocrx_word' id='word_1_295' title='bbox 871 3736 1094 3794; x_wconf 85' lang='lat' dir='ltr'><strong>innumerabilia</strong></span> <span class='ocrx_word' id='word_1_296' title='bbox 1114 3756 1175 3795; x_wconf 87' lang='lat' dir='ltr'><strong>sae·</strong></span> 
     </span>
     <span class='ocr_line' id='line_1_36' title="bbox 127 3830 1215 3905; baseline 0.001 -16"><span class='ocrx_word' id='word_1_297' title='bbox 127 3831 173 3889; x_wconf 96' lang='lat' dir='ltr'><strong>cla</strong></span> <span class='ocrx_word' id='word_1_298' title='bbox 193 3830 363 3889; x_wconf 87' lang='lat' dir='ltr'><strong>domrierint</strong></span> <span class='ocrx_word' id='word_1_299' title='bbox 373 3851 382 3905; x_wconf 83' lang='lat'>3</span> <span class='ocrx_word' id='word_1_300' title='bbox 403 3848 464 3888; x_wconf 91' lang='lat' dir='ltr'><strong>non</strong></span> <span class='ocrx_word' id='word_1_301' title='bbox 486 3830 573 3900; x_wconf 91' lang='lat' dir='ltr'><strong>euim,</strong></span> <span class='ocrx_word' id='word_1_302' title='bbox 594 3830 618 3888; x_wconf 93' lang='lat' dir='ltr'><strong>si</strong></span> <span class='ocrx_word' id='word_1_303' title='bbox 639 3830 766 3888; x_wconf 91' lang='lat' dir='ltr'><strong>muudus</strong></span> <span class='ocrx_word' id='word_1_304' title='bbox 793 3830 888 3889; x_wconf 91' lang='lat' dir='ltr'><strong>nullus</strong></span> <span class='ocrx_word' id='word_1_305' title='bbox 909 3843 978 3904; x_wconf 88' lang='lat' dir='ltr'><strong>erat,</strong></span> <span class='ocrx_word' id='word_1_306' title='bbox 1000 3832 1097 3890; x_wconf 86' lang='lat' dir='ltr'><strong>saecla</strong></span> <span class='ocrx_word' id='word_1_307' title='bbox 1116 3850 1177 3890; x_wconf 91' lang='lat' dir='ltr'><strong>uon</strong></span> <span class='ocrx_word' id='word_1_308' title='bbox 1190 3862 1215 3900; x_wconf 70' lang='lat'><strong>³5</strong></span> 
     </span>
    </p>
   </div>
   <div class='ocr_carea' id='block_1_4' title="bbox 0 0 1470 4364">
    <p class='ocr_par' dir='ltr' id='par_1_4' title="bbox 0 0 1470 4364">
     <span class='ocr_line' id='line_1_37' title="bbox 0 0 1470 4364; baseline 0 0"><span class='ocrx_word' id='word_1_309' title='bbox 0 0 1470 4364; x_wconf 95' lang='lat' dir='ltr'><strong> </strong></span> 
     </span>
    </p>
   </div>
  </div>
 </body>
</html>
