2932 4364
445 396 511 447 mn
523 396 560 448 11.
592 360 949 461 cm.xxu111-xxx.³·§§
964 397 1054 463 effi.
1214 387 1270 446 ror

223 555 321 607 autem
336 547 459 607 deorum
474 557 518 606 est
531 548 659 623 optimus
673 548 811 624 idemque
826 548 1001 608 castissimus
1011 539 1110 625 'atque
1122 549 1274 608 'sanctissi
1293 538 1295 542 ¹

223 662 288 703 mus
312 644 554 720 plenissimusque
579 643 703 718 pietatis,
725 653 757 703 nt
779 661 830 702 eos
854 662 971 719 semper
995 635 1078 719 pura,
1097 644 1217 720 integra,
1232 631 1274 703 in'·

224 748 361 815 corrupta
378 748 409 797 et
427 748 526 797 mente
545 748 575 797 et
594 756 668 797 voce
687 740 868 814 veneremur.
911 740 981 797 Non
997 731 1085 798 'enim
1109 728 1275 816 philosophi

224 838 327 909 solum,
348 854 450 895 verum
472 835 560 894 etiam
583 836 707 894 maiores
729 837 819 894 nostri
841 837 1075 912 superstitionem
1098 855 1117 895 a
1137 836 1275 912 religione
1323 895 1327 902 ,

116 958 118 961 ·
192 930 437 1007 sseparaverunt.
480 933 558 990 Nam
572 931 622 1006 qui
637 939 715 989 totos
730 929 793 989 dies
809 932 1004 1007 precabantur
1025 941 1055 989 et
1075 933 1274 1004 immolabant,
1287 941 1313 984 ⁷2

224 1039 256 1087 ut
269 1028 325 1088 sibi
338 1029 383 1087 sui
396 1028 478 1087 liberi
499 1028 667 1103 superstites
684 1035 791 1100 essent,
806 1028 1065 1104 superstitiosi
1087 1037 1155 1087 sunt
1176 1025 1275 1105 appel·

225 1124 283 1196 lati,
297 1123 379 1200 quod
393 1141 503 1182 nomen
520 1123 613 1200 patuit
635 1126 738 1199 postea
759 1123 843 1182 latius
853 1144 862 1197 3
883 1123 945 1199 qui
956 1134 1055 1183 autem
1077 1125 1185 1197 omnia,
1200 1123 1276 1201 quae

224 1220 264 1280 ad
284 1221 394 1280 cultum
420 1220 544 1280 deorum
567 1212 922 1296 pertinerent,'diligente'r
943 1221 1130 1280 retractarent
1152 1231 1182 1281 et
1203 1230 1276 1281 tam-

225 1336 315 1393 quam
336 1317 505 1394 relegerent,
530 1325 597 1375 sunt
621 1315 692 1375 dicti
716 1316 884 1393 religiosi
911 1336 948 1376 ex
975 1317 1142 1393 relegendo,
1162 1328 1193 1377 ut
1217 1319 1276 1377 ele·

189 1423 327 1489 rogantes
355 1431 393 1472 ex
420 1412 564 1489 eligendo,
590 1431 627 1471 ex
654 1412 803 1489 diligendo
831 1412 992 1490 diligentes,
1016 1433 1053 1472 ex
1080 1402 1276 1492 intellegendo

226 1509 434 1586 intellegentes.
477 1510 534 1568 His
562 1507 641 1567 e'nim
665 1509 695 1567 in
718 1501 822 1568 verbis*
838 1510 974 1569 omnibus
998 1511 1073 1570 inest
1086 1498 1138 1570 ³vis
1153 1510 1277 1600 legendi
1306 1539 1309 1542 ·

224 1605 351 1680 eadem,
356 1624 432 1682 quae
446 1606 476 1664 in
489 1606 633 1704 religioso.
675 1606 722 1664 Ita
742 1606 850 1665 sactum
864 1606 951 1665 estin
965 1606 1173 1682 superstitioso
1183 1611 1230 1667 et
1225 1625 1277 1666 -re-

226 1701 330 1779 ligioso
353 1703 479 1762 alterurn
498 1701 559 1761 vitii
581 1700 699 1773 nomen,
724 1701 846 1761 alterum
867 1702 970 1762 laudis
1012 1705 1057 1762 Ac
1081 1701 1163 1764 mihi
1176 1701 1279 1764 videor
1346 1755 1348 1761 Α

227 1799 295 1858 satis
306 1804 347 1858 et
369 1818 433 1858 esse
456 1798 539 1871 deos,
559 1808 589 1857 et
609 1799 709 1874 quales
729 1807 836 1873 essent,
857 1799 1061 1860 ostendisse
1186 1804 1230 1853 ,1³
1249 1802 1278 1860 ⁴5³²

191 1920 234 1960 ις·
231 1896 437 1955 Proximum
458 1903 511 1968 est,
526 1895 558 1954 ut
571 1893 697 1953 doceam
711 1891 846 1954 deorum
855 1888 1053 1971 providentia
1059 1895 1204 1956 mundum
1220 1896 1278 1957 adl
1285 1887 1342 1995 2⁹.

229 1991 389 2051 ministrari.
432 1993 557 2067 Magnus
575 2009 644 2049 sane
667 1991 748 2050 locus
764 2000 808 2050 est
830 2000 860 2049 et
882 1992 1021 2063 avestris,
1037 1991 1140 2065 Cotta,
1149 1952 1317 2065 vexatus,⁷³

228 2106 278 2146 ac
286 2087 422 2145 nimirum
435 2086 587 2146 vobiscum
602 2104 690 2144 omne
714 2096 863 2145 certamen
884 2097 937 2146 est.
979 2089 1058 2146 Nam
1071 2088 1164 2162 vobis,
1177 2089 1279 2161 Vellei,

168 2185 170 2190 ’
228 2183 325 2242 minus
346 2192 450 2242 notum
474 2193 528 2254 est,
553 2201 641 2259 quem
667 2181 705 2241 ad
731 2183 853 2242 modurn
877 2183 1008 2260 quidque
1031 2184 1163 2259 dicatur;
1186 2188 1282 2246 vestra

230 2281 308 2340 enim
322 2281 418 2340 solum
438 2281 541 2357 legitis,
555 2290 650 2339 vestra
670 2277 782 2354 amatis,
798 2290 912 2340 ceteros
932 2300 1022 2342 causa
1042 2281 1191 2358 incognita
1211 2300 1282 2342 con·

192 2401 219 2431 ω
231 2377 384 2436 demnatis.
425 2379 512 2436 Velut
526 2396 545 2434 a
557 2386 587 2435 te
601 2377 666 2453 ipso
687 2377 825 2436 hesterno
839 2370 888 2436 die
908 2377 1021 2437 dictum
1043 2389 1087 2438 est
1108 2399 1197 2439 anum
1219 2380 1297 2443 lati.

230 2472 328 2532 dicam
342 2472 473 2548 πρόνοιαν
485 2491 505 2531 a
517 2473 620 2532 Stoicis
635 2472 745 2546 induci,
761 2472 791 2532 id
804 2482 856 2532 est
876 2474 1098 2550 providentiam.
1140 2476 1232 2551 Quod
1245 2495 1283 2536 eo

231 2585 325 2626 errore
348 2567 454 2639 dixisti,
478 2568 547 2642 quia
568 2569 724 2626 existumas
749 2570 788 2627 ab
812 2569 846 2627 iis
870 2569 1084 2645 providentiam
1107 2571 1177 2646 fingi
1201 2574 1283 2647 quasi

230 2662 379 2739 quandam
393 2661 481 2721 deam
494 2663 680 2738 singularem,
692 2681 767 2737 quae
788 2662 932 2722 mundum
952 2683 1071 2723 omnem
1093 2666 1236 2741 gubernet
1254 2675 1283 2725 et

230 2767 316 2833 regat·
320 2777 338 2831 3⁴
350 2757 408 2817 *sed
425 2757 457 2817 id
477 2759 607 2835 praecise
629 2756 748 2822 dicitur.¹
785 2760 835 2831 Ut,
850 2759 874 2817 si
888 2759 954 2835 quis
968 2759 1047 2818 dicat
1061 2762 1282 2821 Atheniensium
1295 2779 1321 2822 u

193 2872 293 2920 esrem
316 2853 464 2929 publicam
478 2854 611 2912 consilio
635 2855 704 2930 regi,
730 2854 806 2912 desit
830 2853 900 2913 illud
925 2856 1088 2931 ‘Areopagi
1099 2858 1116 2929 '‚
1137 2857 1189 2929 sic,
1214 2875 1282 2914 cum

232 2946 356 3007 diclmus
385 2948 570 3024 providentia
602 2948 745 3008 mundum
779 2948 980 3022 administrari,
1009 2949 1112 3010 deesse
1140 2952 1283 3011 arbitrato

233 3042 373 3104 ‘deorum
384 3045 411 3118 ’ς
432 3045 519 3120 plene
534 3055 634 3104 autem
647 3055 677 3105 et
696 3046 825 3123 perfecte
846 3046 889 3104 sic
903 3046 963 3105 dici
983 3047 1166 3107 existimato:
1188 3049 1283 3125 provi·

232 3141 332 3201 dentia
355 3141 478 3201 deorum
505 3142 649 3203 mundum
673 3143 888 3205 administrari.¹
919 3146 965 3203 lta
987 3144 1077 3204 salem
1104 3145 1201 3220 istum,
1223 3165 1284 3223 quo

233 3249 312 3298 caret
332 3248 428 3298 vestra
448 3239 537 3313 natio,
559 3239 591 3300 in
614 3241 776 3301 inridendis
800 3230 897 3302 nobis
911 3241 1032 3301 nolitote
1058 3260 1239 3328 consumere,
1254 3252 1285 3303 et

196 3367 221 3407 ,ο
233 3337 389 3408 mehercle,
403 3338 427 3396 si
450 3356 497 3417 me
520 3337 653 3410 audiatis,
668 3355 705 3397 ne
730 3339 920 3415 experiamini
942 3338 1064 3414 quidem
1074 3359 1084 3415 3
1104 3358 1165 3399 non
1187 3339 1284 3413 decet,

233 3451 293 3491 non
316 3433 418 3492 datum
442 3443 495 3505 est,
510 3429 578 3493 non'
594 3434 724 3510 potestis
767 3436 833 3494 Nec
849 3453 919 3494 vero
948 3435 1007 3494 hoc
1031 3434 1114 3494 inte
1138 3437 1283 3507 convenit,
1308 3494 1313 3508 ,

184 3543 187 3549 ’
233 3541 329 3587 uuum>
352 3516 480 3588 moribus
505 3528 675 3588 domesticis
696 3525 732 3587 ac
756 3522 921 3589 nostrorum
946 3531 1099 3589 hominum
1123 3531 1284 3590 urbanitate

164 3632 165 3636 ’
200 3658 201 3661 =
233 3624 373 3696 limatum,
388 3623 442 3683 sed
456 3643 525 3682 cum
539 3625 569 3683 in
585 3622 711 3700 reliquos
725 3632 844 3696 vestros,
859 3635 922 3684 tum
943 3625 973 3684 in
993 3644 1062 3685 eum
1085 3627 1220 3699 maxime,
1235 3626 1285 3708 qni

234 3719 289 3779 ista
315 3720 437 3797 peperit,
460 3720 612 3780 hominem
638 3721 700 3780 sine
725 3730 795 3793 arte,
820 3721 883 3780 sine
910 3722 1019 3794 litteris,
1042 3723 1227 3782 insultantem
1255 3724 1306 3791 in,

198 3842 222 3885 ,ς
235 3834 348 3890 omnes,
362 3816 425 3876 sine
448 3817 583 3877 acumine
604 3816 674 3891 ullo,
688 3817 750 3877 siue
761 3852 762 3855 =
773 3817 954 3890 auctoritate,
971 3818 1034 3877 sine
1055 3819 1165 3894 lepore.
1207 3804 1329 3912 Βίεοξὲ)
