<?xml version="1.0" encoding="UTF-8"?>
<!DOCTYPE html PUBLIC "-//W3C//DTD XHTML 1.0 Transitional//EN"
    "http://www.w3.org/TR/xhtml1/DTD/xhtml1-transitional.dtd">
<html xmlns="http://www.w3.org/1999/xhtml" xml:lang="en" lang="en">
 <head>
  <title>
</title>
<meta http-equiv="Content-Type" content="text/html;charset=utf-8" />
  <meta name='ocr-system' content='tesseract 3.04.00' />
  <meta name='ocr-capabilities' content='ocr_page ocr_carea ocr_par ocr_line ocrx_word'/>
</head>
<body>
  <div class='ocr_page' id='page_1' title='image "./mtulliiciceroni02schgoog/mtulliiciceroni02schgoog_0174.png"; bbox 0 0 2932 4364; ppageno 0'>
   <div class='ocr_carea' id='block_1_1' title="bbox 449 358 1275 437">
    <p class='ocr_par' dir='ltr' id='par_1_1' title="bbox 449 358 1275 437">
     <span class='ocr_line' id='line_1_1' title="bbox 449 358 1275 437; baseline 0.005 -20"><span class='ocrx_word' id='word_1_1' title='bbox 449 368 514 419; x_wconf 81' lang='lat' dir='ltr'><strong>nm.</strong></span> <span class='ocrx_word' id='word_1_2' title='bbox 532 368 582 419; x_wconf 90' lang='lat'>111.</span> <span class='ocrx_word' id='word_1_3' title='bbox 615 370 895 421; x_wconf 73' lang='lat' dir='ltr'><strong>cmxxx-xxxin</strong></span> <span class='ocrx_word' id='word_1_4' title='bbox 929 371 960 435; x_wconf 70' lang='lat'><strong>§5</strong></span> <span class='ocrx_word' id='word_1_5' title='bbox 974 384 1062 437; x_wconf 87' lang='lat'>74-79·</span> <span class='ocrx_word' id='word_1_6' title='bbox 1220 358 1275 421; x_wconf 84' lang='lat'><strong>161</strong></span> 
     </span>
    </p>
   </div>
   <div class='ocr_carea' id='block_1_2' title="bbox 189 521 1322 3895">
    <p class='ocr_par' dir='ltr' id='par_1_2' title="bbox 228 521 1280 691">
     <span class='ocr_line' id='line_1_2' title="bbox 228 521 1280 598; baseline 0.007 -20"><span class='ocrx_word' id='word_1_7' title='bbox 228 539 299 580; x_wconf 93' lang='lat' dir='ltr'><strong>num</strong></span> <span class='ocrx_word' id='word_1_8' title='bbox 310 521 427 580; x_wconf 90' lang='lat' dir='ltr'><strong>rationis</strong></span> <span class='ocrx_word' id='word_1_9' title='bbox 439 529 468 580; x_wconf 91' lang='lat' dir='ltr'><strong>et</strong></span> <span class='ocrx_word' id='word_1_10' title='bbox 478 522 592 581; x_wconf 89' lang='lat' dir='ltr'><strong>consilii</strong></span> <span class='ocrx_word' id='word_1_11' title='bbox 606 522 645 581; x_wconf 91' lang='lat' dir='ltr'><strong>ad</strong></span> <span class='ocrx_word' id='word_1_12' title='bbox 659 523 792 583; x_wconf 80' lang='lat' dir='ltr'><strong>fraudem</strong></span> <span class='ocrx_word' id='word_1_13' title='bbox 802 523 980 598; x_wconf 89' lang='lat' dir='ltr'><strong>hominibus,</strong></span> <span class='ocrx_word' id='word_1_14' title='bbox 991 542 1051 584; x_wconf 92' lang='lat' dir='ltr'><strong>non</strong></span> <span class='ocrx_word' id='word_1_15' title='bbox 1065 523 1104 584; x_wconf 91' lang='lat' dir='ltr'><strong>ad</strong></span> <span class='ocrx_word' id='word_1_16' title='bbox 1118 523 1280 585; x_wconf 85' lang='lat' dir='ltr'><strong>bonitatem</strong></span> 
     </span>
     <span class='ocr_line' id='line_1_3' title="bbox 228 616 640 691; baseline 0.01 -18"><span class='ocrx_word' id='word_1_17' title='bbox 228 616 406 691; x_wconf 91' lang='lat' dir='ltr'><strong>impertitum</strong></span> <span class='ocrx_word' id='word_1_18' title='bbox 421 634 485 675; x_wconf 90' lang='lat' dir='ltr'><strong>esse</strong></span> <span class='ocrx_word' id='word_1_19' title='bbox 499 617 640 677; x_wconf 88' lang='lat' dir='ltr'><strong>videatur.</strong></span> 
     </span>
    </p>

    <p class='ocr_par' dir='ltr' id='par_1_3' title="bbox 227 699 1322 890">
     <span class='ocr_line' id='line_1_4' title="bbox 269 699 1322 807; baseline 0.007 -37"><span class='ocrx_word' id='word_1_20' title='bbox 269 712 328 771; x_wconf 87' lang='lat' dir='ltr'><strong>Sed</strong></span> <span class='ocrx_word' id='word_1_21' title='bbox 342 714 448 789; x_wconf 89' lang='lat' dir='ltr'><strong>urgetis</strong></span> <span class='ocrx_word' id='word_1_22' title='bbox 463 713 626 773; x_wconf 88' lang='lat' dir='ltr'>identidem</span> <span class='ocrx_word' id='word_1_23' title='bbox 644 715 798 774; x_wconf 89' lang='lat' dir='ltr'><strong>hominum</strong></span> <span class='ocrx_word' id='word_1_24' title='bbox 812 733 875 775; x_wconf 90' lang='lat' dir='ltr'><strong>esse</strong></span> <span class='ocrx_word' id='word_1_25' title='bbox 892 715 976 775; x_wconf 86' lang='lat' dir='ltr'><strong>istam</strong></span> <span class='ocrx_word' id='word_1_26' title='bbox 990 717 1117 792; x_wconf 92' lang='lat' dir='ltr'><strong>culpam,</strong></span> <span class='ocrx_word' id='word_1_27' title='bbox 1132 735 1193 777; x_wconf 94' lang='lat' dir='ltr'><strong>non</strong></span> <span class='ocrx_word' id='word_1_28' title='bbox 1207 699 1322 807; x_wconf 52' lang='lat' dir='ltr'><strong>deo-2}</strong></span> 
     </span>
     <span class='ocr_line' id='line_1_5' title="bbox 227 809 1280 890; baseline 0.007 -24"><span class='ocrx_word' id='word_1_29' title='bbox 227 827 292 867; x_wconf 93' lang='lat' dir='ltr'><strong>rum</strong></span> <span class='ocrx_word' id='word_1_30' title='bbox 302 829 312 882; x_wconf 81' lang='lat'>3</span> <span class='ocrx_word' id='word_1_31' title='bbox 333 818 365 867; x_wconf 91' lang='lat' dir='ltr'><strong>ut</strong></span> <span class='ocrx_word' id='word_1_32' title='bbox 384 809 408 868; x_wconf 93' lang='lat' dir='ltr'><strong>si</strong></span> <span class='ocrx_word' id='word_1_33' title='bbox 426 810 559 869; x_wconf 88' lang='lat' dir='ltr'><strong>medicus</strong></span> <span class='ocrx_word' id='word_1_34' title='bbox 577 811 746 886; x_wconf 88' lang='lat' dir='ltr'><strong>gravitatem</strong></span> <span class='ocrx_word' id='word_1_35' title='bbox 766 812 870 884; x_wconf 88' lang='lat' dir='ltr'>morbi,</span> <span class='ocrx_word' id='word_1_36' title='bbox 886 813 1062 888; x_wconf 87' lang='lat' dir='ltr'><strong>gubernator</strong></span> <span class='ocrx_word' id='word_1_37' title='bbox 1074 814 1134 872; x_wconf 90' lang='lat' dir='ltr'><strong>vim</strong></span> <span class='ocrx_word' id='word_1_38' title='bbox 1153 822 1280 890; x_wconf 90' lang='lat' dir='ltr'><strong>tempes-</strong></span> 
     </span>
    </p>

    <p class='ocr_par' dir='ltr' id='par_1_4' title="bbox 197 906 1283 1368">
     <span class='ocr_line' id='line_1_6' title="bbox 197 906 1281 983; baseline -0.001 -14"><span class='ocrx_word' id='word_1_39' title='bbox 197 906 295 969; x_wconf 85' lang='lat' dir='ltr'><strong>statis</strong></span> <span class='ocrx_word' id='word_1_40' title='bbox 318 915 456 978; x_wconf 82' lang='lat' dir='ltr'><strong>accuset3</strong></span> <span class='ocrx_word' id='word_1_41' title='bbox 478 906 532 965; x_wconf 86' lang='lat' dir='ltr'><strong>etsi</strong></span> <span class='ocrx_word' id='word_1_42' title='bbox 552 907 583 966; x_wconf 91' lang='lat' dir='ltr'><strong>hi</strong></span> <span class='ocrx_word' id='word_1_43' title='bbox 604 907 726 983; x_wconf 90' lang='lat' dir='ltr'><strong>quidem</strong></span> <span class='ocrx_word' id='word_1_44' title='bbox 750 908 931 980; x_wconf 86' lang='lat' dir='ltr'>homunculi,</span> <span class='ocrx_word' id='word_1_45' title='bbox 954 909 1010 968; x_wconf 89' lang='lat' dir='ltr'><strong>sed</strong></span> <span class='ocrx_word' id='word_1_46' title='bbox 1034 919 1134 968; x_wconf 89' lang='lat' dir='ltr'><strong>tamen</strong></span> <span class='ocrx_word' id='word_1_47' title='bbox 1157 909 1281 969; x_wconf 83' lang='lat' dir='ltr'><strong>ridiculi.</strong></span> 
     </span>
     <span class='ocr_line' id='line_1_7' title="bbox 229 1001 1283 1080; baseline 0.006 -21"><span class='ocrx_word' id='word_1_48' title='bbox 229 1001 302 1076; x_wconf 90' lang='lat' dir='ltr'><strong>Quis</strong></span> <span class='ocrx_word' id='word_1_49' title='bbox 323 1002 403 1060; x_wconf 88' lang='lat' dir='ltr'><strong>enim</strong></span> <span class='ocrx_word' id='word_1_50' title='bbox 423 1011 452 1060; x_wconf 95' lang='lat' dir='ltr'><strong>te</strong></span> <span class='ocrx_word' id='word_1_51' title='bbox 472 1001 661 1075; x_wconf 87' lang='lat' dir='ltr'><strong>adhibuisset,</strong></span> <span class='ocrx_word' id='word_1_52' title='bbox 676 1002 780 1062; x_wconf 89' lang='lat' dir='ltr'><strong>dixerit</strong></span> <span class='ocrx_word' id='word_1_53' title='bbox 794 1004 949 1080; x_wconf 84' lang='lat' dir='ltr'><strong>quispiam,</strong></span> <span class='ocrx_word' id='word_1_54' title='bbox 964 1005 988 1063; x_wconf 91' lang='lat' dir='ltr'><strong>si</strong></span> <span class='ocrx_word' id='word_1_55' title='bbox 1009 1005 1065 1063; x_wconf 89' lang='lat' dir='ltr'><strong>ista</strong></span> <span class='ocrx_word' id='word_1_56' title='bbox 1084 1023 1146 1065; x_wconf 90' lang='lat' dir='ltr'><strong>non</strong></span> <span class='ocrx_word' id='word_1_57' title='bbox 1164 1007 1283 1066; x_wconf 87' lang='lat' dir='ltr'><strong>essent?</strong></span> 
     </span>
     <span class='ocr_line' id='line_1_8' title="bbox 228 1097 1281 1174; baseline 0.004 -17"><span class='ocrx_word' id='word_1_58' title='bbox 228 1098 339 1157; x_wconf 87' lang='lat' dir='ltr'>Contra</span> <span class='ocrx_word' id='word_1_59' title='bbox 349 1097 439 1157; x_wconf 91' lang='lat' dir='ltr'><strong>deum</strong></span> <span class='ocrx_word' id='word_1_60' title='bbox 453 1098 521 1157; x_wconf 90' lang='lat' dir='ltr'><strong>licet</strong></span> <span class='ocrx_word' id='word_1_61' title='bbox 532 1098 679 1174; x_wconf 89' lang='lat' dir='ltr'><strong>disputare</strong></span> <span class='ocrx_word' id='word_1_62' title='bbox 693 1100 818 1160; x_wconf 88' lang='lat' dir='ltr'><strong>liberius.</strong></span> <span class='ocrx_word' id='word_1_63' title='bbox 855 1102 892 1159; x_wconf 93' lang='lat' dir='ltr'><strong>In</strong></span> <span class='ocrx_word' id='word_1_64' title='bbox 906 1100 1061 1160; x_wconf 91' lang='lat' dir='ltr'><strong>hominum</strong></span> <span class='ocrx_word' id='word_1_65' title='bbox 1071 1101 1146 1160; x_wconf 88' lang='lat' dir='ltr'><strong>vitiis</strong></span> <span class='ocrx_word' id='word_1_66' title='bbox 1160 1101 1202 1160; x_wconf 92' lang='lat' dir='ltr'><strong>ais</strong></span> <span class='ocrx_word' id='word_1_67' title='bbox 1216 1119 1281 1160; x_wconf 85' lang='lat' dir='ltr'><strong>esse</strong></span> 
     </span>
     <span class='ocr_line' id='line_1_9' title="bbox 227 1183 1280 1273; baseline 0.005 -23"><span class='ocrx_word' id='word_1_68' title='bbox 227 1193 354 1268; x_wconf 90' lang='lat' dir='ltr'><strong>culpam.</strong></span> <span class='ocrx_word' id='word_1_69' title='bbox 395 1195 471 1253; x_wconf 90' lang='lat' dir='ltr'><strong>Eam</strong></span> <span class='ocrx_word' id='word_1_70' title='bbox 486 1193 618 1253; x_wconf 88' lang='lat' dir='ltr'><strong>dedisses</strong></span> <span class='ocrx_word' id='word_1_71' title='bbox 632 1194 798 1255; x_wconf 92' lang='lat' dir='ltr'><strong>hominibus</strong></span> <span class='ocrx_word' id='word_1_72' title='bbox 812 1196 965 1269; x_wconf 91' lang='lat' dir='ltr'><strong>rationem,</strong></span> <span class='ocrx_word' id='word_1_73' title='bbox 978 1215 1054 1272; x_wconf 88' lang='lat' dir='ltr'><strong>quae</strong></span> <span class='ocrx_word' id='word_1_74' title='bbox 1068 1197 1137 1255; x_wconf 89' lang='lat' dir='ltr'><strong>vitia</strong></span> <span class='ocrx_word' id='word_1_75' title='bbox 1150 1183 1280 1273; x_wconf 90' lang='lat' dir='ltr'><strong>culpam-</strong></span> 
     </span>
     <span class='ocr_line' id='line_1_10' title="bbox 227 1290 1280 1368; baseline 0.002 -18"><span class='ocrx_word' id='word_1_76' title='bbox 227 1309 285 1366; x_wconf 91' lang='lat' dir='ltr'><strong>que</strong></span> <span class='ocrx_word' id='word_1_77' title='bbox 313 1290 490 1352; x_wconf 85' lang='lat' dir='ltr'><strong>excluderet.</strong></span> <span class='ocrx_word' id='word_1_78' title='bbox 530 1293 591 1353; x_wconf 91' lang='lat' dir='ltr'><strong>Ubi</strong></span> <span class='ocrx_word' id='word_1_79' title='bbox 615 1293 700 1368; x_wconf 85' lang='lat' dir='ltr'><strong>igitur</strong></span> <span class='ocrx_word' id='word_1_80' title='bbox 723 1294 805 1352; x_wconf 91' lang='lat' dir='ltr'><strong>locus</strong></span> <span class='ocrx_word' id='word_1_81' title='bbox 829 1295 883 1352; x_wconf 87' lang='lat' dir='ltr'><strong>suit</strong></span> <span class='ocrx_word' id='word_1_82' title='bbox 907 1295 996 1353; x_wconf 88' lang='lat' dir='ltr'><strong>errori</strong></span> <span class='ocrx_word' id='word_1_83' title='bbox 1016 1292 1161 1354; x_wconf 85' lang='lat' dir='ltr'><strong>deorum?</strong></span> <span class='ocrx_word' id='word_1_84' title='bbox 1201 1295 1280 1352; x_wconf 90' lang='lat' dir='ltr'><strong>Nam</strong></span> 
     </span>
    </p>

    <p class='ocr_par' dir='ltr' id='par_1_5' title="bbox 191 1381 1318 1857">
     <span class='ocr_line' id='line_1_11' title="bbox 191 1381 1280 1467; baseline 0.006 -26"><span class='ocrx_word' id='word_1_85' title='bbox 191 1413 216 1442; x_wconf 79' lang='grc' dir='ltr'><strong>ιο</strong></span> <span class='ocrx_word' id='word_1_86' title='bbox 228 1388 402 1463; x_wconf 85' lang='lat' dir='ltr'><strong>patrimonia</strong></span> <span class='ocrx_word' id='word_1_87' title='bbox 421 1406 474 1464; x_wconf 92' lang='lat' dir='ltr'><strong>spe</strong></span> <span class='ocrx_word' id='word_1_88' title='bbox 494 1389 570 1448; x_wconf 90' lang='lat' dir='ltr'><strong>bene</strong></span> <span class='ocrx_word' id='word_1_89' title='bbox 591 1381 726 1448; x_wconf 86' lang='lat' dir='ltr'><strong>tradendi</strong></span> <span class='ocrx_word' id='word_1_90' title='bbox 746 1390 944 1465; x_wconf 87' lang='lat' dir='ltr'><strong>relinquimus,</strong></span> <span class='ocrx_word' id='word_1_91' title='bbox 959 1409 1017 1467; x_wconf 92' lang='lat' dir='ltr'><strong>qua</strong></span> <span class='ocrx_word' id='word_1_92' title='bbox 1030 1408 1185 1467; x_wconf 90' lang='lat' dir='ltr'><strong>possumus</strong></span> <span class='ocrx_word' id='word_1_93' title='bbox 1202 1391 1280 1465; x_wconf 81' lang='lat' dir='ltr'><strong>salli3</strong></span> 
     </span>
     <span class='ocr_line' id='line_1_12' title="bbox 228 1484 1281 1561; baseline 0.003 -18"><span class='ocrx_word' id='word_1_94' title='bbox 228 1484 301 1544; x_wconf 91' lang='lat' dir='ltr'><strong>deus</strong></span> <span class='ocrx_word' id='word_1_95' title='bbox 316 1484 373 1543; x_wconf 85' lang='lat' dir='ltr'><strong>salli</strong></span> <span class='ocrx_word' id='word_1_96' title='bbox 386 1484 437 1561; x_wconf 92' lang='lat' dir='ltr'><strong>qui</strong></span> <span class='ocrx_word' id='word_1_97' title='bbox 450 1485 566 1561; x_wconf 82' lang='lat' dir='ltr'><strong>potuit?</strong></span> <span class='ocrx_word' id='word_1_98' title='bbox 605 1486 651 1544; x_wconf 93' lang='lat' dir='ltr'><strong>An</strong></span> <span class='ocrx_word' id='word_1_99' title='bbox 671 1494 703 1544; x_wconf 91' lang='lat' dir='ltr'><strong>ut</strong></span> <span class='ocrx_word' id='word_1_100' title='bbox 720 1487 779 1559; x_wconf 89' lang='lat' dir='ltr'><strong>Sol,</strong></span> <span class='ocrx_word' id='word_1_101' title='bbox 794 1487 825 1545; x_wconf 93' lang='lat' dir='ltr'><strong>in</strong></span> <span class='ocrx_word' id='word_1_102' title='bbox 842 1505 960 1546; x_wconf 90' lang='lat' dir='ltr'><strong>currum</strong></span> <span class='ocrx_word' id='word_1_103' title='bbox 978 1505 1046 1547; x_wconf 91' lang='lat' dir='ltr'><strong>cum</strong></span> <span class='ocrx_word' id='word_1_104' title='bbox 1066 1486 1281 1547; x_wconf 69' lang='lat' dir='ltr'><strong>Phaethontem</strong></span> 
     </span>
     <span class='ocr_line' id='line_1_13' title="bbox 228 1581 1279 1662; baseline 0.003 -22"><span class='ocrx_word' id='word_1_105' title='bbox 228 1581 318 1641; x_wconf 86' lang='lat' dir='ltr'><strong>tilium</strong></span> <span class='ocrx_word' id='word_1_106' title='bbox 332 1582 455 1655; x_wconf 90' lang='lat' dir='ltr'><strong>sustulit,</strong></span> <span class='ocrx_word' id='word_1_107' title='bbox 466 1592 515 1642; x_wconf 90' lang='lat' dir='ltr'><strong>aut</strong></span> <span class='ocrx_word' id='word_1_108' title='bbox 529 1583 695 1659; x_wconf 88' lang='lat' dir='ltr'><strong>Neptunus,</strong></span> <span class='ocrx_word' id='word_1_109' title='bbox 706 1601 776 1643; x_wconf 93' lang='lat' dir='ltr'><strong>cum</strong></span> <span class='ocrx_word' id='word_1_110' title='bbox 785 1583 918 1644; x_wconf 88' lang='lat' dir='ltr'><strong>Theseus</strong></span> <span class='ocrx_word' id='word_1_111' title='bbox 929 1583 1126 1661; x_wconf 86' lang='lat' dir='ltr'><strong>Hippolytum</strong></span> <span class='ocrx_word' id='word_1_112' title='bbox 1140 1582 1279 1662; x_wconf 85' lang='lat' dir='ltr'><strong>perdidit,</strong></span> 
     </span>
     <span class='ocr_line' id='line_1_14' title="bbox 229 1679 1318 1760; baseline -0.001 -21"><span class='ocrx_word' id='word_1_113' title='bbox 229 1699 298 1741; x_wconf 92' lang='lat' dir='ltr'><strong>cum</strong></span> <span class='ocrx_word' id='word_1_114' title='bbox 311 1689 355 1741; x_wconf 90' lang='lat' dir='ltr'><strong>ter</strong></span> <span class='ocrx_word' id='word_1_115' title='bbox 368 1679 491 1757; x_wconf 88' lang='lat' dir='ltr'><strong>optandi</strong></span> <span class='ocrx_word' id='word_1_116' title='bbox 504 1698 523 1740; x_wconf 90' lang='lat' dir='ltr'><strong>a</strong></span> <span class='ocrx_word' id='word_1_117' title='bbox 536 1681 677 1758; x_wconf 90' lang='lat' dir='ltr'><strong>Neptuno</strong></span> <span class='ocrx_word' id='word_1_118' title='bbox 688 1690 770 1757; x_wconf 88' lang='lat' dir='ltr'><strong>patre</strong></span> <span class='ocrx_word' id='word_1_119' title='bbox 781 1681 929 1743; x_wconf 89' lang='lat' dir='ltr'><strong>habuisset</strong></span> <span class='ocrx_word' id='word_1_120' title='bbox 942 1682 1142 1760; x_wconf 83' lang='lat' dir='ltr'><strong>potestatem?</strong></span> <span class='ocrx_word' id='word_1_121' title='bbox 1176 1682 1280 1743; x_wconf 69' lang='lat' dir='ltr'><strong>Poita·</strong></span> <span class='ocrx_word' id='word_1_122' title='bbox 1292 1691 1318 1738; x_wconf 83' lang='grc' dir='ltr'>π</span> 
     </span>
     <span class='ocr_line' id='line_1_15' title="bbox 228 1778 1281 1857; baseline 0.003 -19"><span class='ocrx_word' id='word_1_123' title='bbox 228 1797 294 1838; x_wconf 92' lang='lat' dir='ltr'><strong>rum</strong></span> <span class='ocrx_word' id='word_1_124' title='bbox 325 1778 380 1838; x_wconf 90' lang='lat' dir='ltr'><strong>ista</strong></span> <span class='ocrx_word' id='word_1_125' title='bbox 410 1786 486 1852; x_wconf 90' lang='lat' dir='ltr'><strong>sunt,</strong></span> <span class='ocrx_word' id='word_1_126' title='bbox 514 1798 569 1839; x_wconf 89' lang='lat' dir='ltr'><strong>nos</strong></span> <span class='ocrx_word' id='word_1_127' title='bbox 596 1789 696 1838; x_wconf 89' lang='lat' dir='ltr'><strong>autem</strong></span> <span class='ocrx_word' id='word_1_128' title='bbox 723 1779 890 1857; x_wconf 92' lang='lat' dir='ltr'><strong>philosophi</strong></span> <span class='ocrx_word' id='word_1_129' title='bbox 921 1798 987 1840; x_wconf 91' lang='lat' dir='ltr'><strong>esse</strong></span> <span class='ocrx_word' id='word_1_130' title='bbox 1014 1781 1157 1854; x_wconf 90' lang='lat' dir='ltr'><strong>volumus,</strong></span> <span class='ocrx_word' id='word_1_131' title='bbox 1184 1799 1281 1841; x_wconf 92' lang='lat' dir='ltr'><strong>rerum</strong></span> 
     </span>
    </p>

    <p class='ocr_par' dir='ltr' id='par_1_6' title="bbox 192 1876 1281 2342">
     <span class='ocr_line' id='line_1_16' title="bbox 192 1876 1281 1955; baseline 0.008 -26"><span class='ocrx_word' id='word_1_132' title='bbox 192 1901 216 1941; x_wconf 70' lang='lat' dir='ltr'><strong>rs</strong></span> <span class='ocrx_word' id='word_1_133' title='bbox 228 1886 371 1950; x_wconf 87' lang='lat' dir='ltr'><strong>auctores,</strong></span> <span class='ocrx_word' id='word_1_134' title='bbox 392 1895 454 1936; x_wconf 92' lang='lat' dir='ltr'><strong>non</strong></span> <span class='ocrx_word' id='word_1_135' title='bbox 480 1878 650 1937; x_wconf 84' lang='lat' dir='ltr'><strong>fabularum.</strong></span> <span class='ocrx_word' id='word_1_136' title='bbox 691 1881 788 1954; x_wconf 88' lang='lat' dir='ltr'><strong>Atque</strong></span> <span class='ocrx_word' id='word_1_137' title='bbox 813 1878 844 1937; x_wconf 94' lang='lat' dir='ltr'><strong>hi</strong></span> <span class='ocrx_word' id='word_1_138' title='bbox 867 1887 967 1938; x_wconf 92' lang='lat' dir='ltr'><strong>tamen</strong></span> <span class='ocrx_word' id='word_1_139' title='bbox 990 1878 1046 1955; x_wconf 90' lang='lat' dir='ltr'><strong>ipsi</strong></span> <span class='ocrx_word' id='word_1_140' title='bbox 1068 1876 1099 1937; x_wconf 95' lang='lat' dir='ltr'><strong>di</strong></span> <span class='ocrx_word' id='word_1_141' title='bbox 1123 1878 1234 1955; x_wconf 63' lang='lat' dir='ltr'><strong>poitici</strong></span> <span class='ocrx_word' id='word_1_142' title='bbox 1256 1879 1281 1938; x_wconf 93' lang='lat' dir='ltr'><strong>si</strong></span> 
     </span>
     <span class='ocr_line' id='line_1_17' title="bbox 229 1974 1281 2054; baseline 0.002 -20"><span class='ocrx_word' id='word_1_143' title='bbox 229 1976 351 2034; x_wconf 86' lang='lat' dir='ltr'><strong>scissent</strong></span> <span class='ocrx_word' id='word_1_144' title='bbox 371 1974 536 2051; x_wconf 90' lang='lat' dir='ltr'><strong>perniciosa</strong></span> <span class='ocrx_word' id='word_1_145' title='bbox 559 1975 620 2034; x_wconf 88' lang='lat' dir='ltr'><strong>sore</strong></span> <span class='ocrx_word' id='word_1_146' title='bbox 644 1975 692 2034; x_wconf 87' lang='lat' dir='ltr'><strong>illa</strong></span> <span class='ocrx_word' id='word_1_147' title='bbox 715 1976 789 2049; x_wconf 89' lang='lat' dir='ltr'><strong>filiis,</strong></span> <span class='ocrx_word' id='word_1_148' title='bbox 811 1993 951 2053; x_wconf 88' lang='lat' dir='ltr'><strong>peccasse</strong></span> <span class='ocrx_word' id='word_1_149' title='bbox 977 1976 1007 2035; x_wconf 93' lang='lat' dir='ltr'><strong>in</strong></span> <span class='ocrx_word' id='word_1_150' title='bbox 1030 1976 1178 2036; x_wconf 84' lang='lat' dir='ltr'><strong>beneficio</strong></span> <span class='ocrx_word' id='word_1_151' title='bbox 1198 1986 1281 2054; x_wconf 93' lang='lat' dir='ltr'><strong>puta·</strong></span> 
     </span>
     <span class='ocr_line' id='line_1_18' title="bbox 228 2071 1281 2147; baseline 0.003 -17"><span class='ocrx_word' id='word_1_152' title='bbox 228 2083 335 2131; x_wconf 89' lang='lat' dir='ltr'><strong>rentur.</strong></span> <span class='ocrx_word' id='word_1_153' title='bbox 378 2072 425 2142; x_wconf 90' lang='lat' dir='ltr'><strong>Et,</strong></span> <span class='ocrx_word' id='word_1_154' title='bbox 447 2071 471 2129; x_wconf 90' lang='lat' dir='ltr'><strong>si</strong></span> <span class='ocrx_word' id='word_1_155' title='bbox 491 2090 592 2130; x_wconf 89' lang='lat' dir='ltr'><strong>verum</strong></span> <span class='ocrx_word' id='word_1_156' title='bbox 619 2082 672 2143; x_wconf 90' lang='lat' dir='ltr'><strong>est,</strong></span> <span class='ocrx_word' id='word_1_157' title='bbox 694 2071 776 2147; x_wconf 94' lang='lat' dir='ltr'><strong>quod</strong></span> <span class='ocrx_word' id='word_1_158' title='bbox 801 2073 897 2132; x_wconf 86' lang='lat' dir='ltr'><strong>Aristo</strong></span> <span class='ocrx_word' id='word_1_159' title='bbox 922 2073 1014 2133; x_wconf 91' lang='lat' dir='ltr'><strong>Chius</strong></span> <span class='ocrx_word' id='word_1_160' title='bbox 1036 2073 1135 2132; x_wconf 89' lang='lat' dir='ltr'><strong>dicere</strong></span> <span class='ocrx_word' id='word_1_161' title='bbox 1160 2074 1281 2147; x_wconf 86' lang='lat' dir='ltr'><strong>solebat,</strong></span> 
     </span>
     <span class='ocr_line' id='line_1_19' title="bbox 228 2166 1281 2243; baseline 0.005 -19"><span class='ocrx_word' id='word_1_162' title='bbox 228 2185 336 2225; x_wconf 91' lang='lat' dir='ltr'><strong>nocere</strong></span> <span class='ocrx_word' id='word_1_163' title='bbox 356 2166 542 2226; x_wconf 88' lang='lat' dir='ltr'><strong>audientibus</strong></span> <span class='ocrx_word' id='word_1_164' title='bbox 563 2167 755 2242; x_wconf 91' lang='lat' dir='ltr'><strong>philosophos</strong></span> <span class='ocrx_word' id='word_1_165' title='bbox 776 2168 818 2240; x_wconf 90' lang='lat' dir='ltr'><strong>iis,</strong></span> <span class='ocrx_word' id='word_1_166' title='bbox 837 2169 887 2243; x_wconf 90' lang='lat' dir='ltr'><strong>qui</strong></span> <span class='ocrx_word' id='word_1_167' title='bbox 905 2168 1080 2228; x_wconf 89' lang='lat' dir='ltr'><strong>benedicta</strong></span> <span class='ocrx_word' id='word_1_168' title='bbox 1098 2170 1281 2234; x_wconf 84' lang='lat' dir='ltr'><strong>maleinter·</strong></span> 
     </span>
     <span class='ocr_line' id='line_1_20' title="bbox 226 2263 1280 2342; baseline 0.007 -22"><span class='ocrx_word' id='word_1_169' title='bbox 226 2271 409 2339; x_wconf 88' lang='lat' dir='ltr'><strong>pretarentur</strong></span> <span class='ocrx_word' id='word_1_170' title='bbox 426 2263 529 2338; x_wconf 90' lang='lat' dir='ltr'><strong>(posse</strong></span> <span class='ocrx_word' id='word_1_171' title='bbox 550 2264 629 2322; x_wconf 90' lang='lat' dir='ltr'><strong>enim</strong></span> <span class='ocrx_word' id='word_1_172' title='bbox 649 2274 747 2323; x_wconf 88' lang='lat' dir='ltr'><strong>asotos</strong></span> <span class='ocrx_word' id='word_1_173' title='bbox 766 2282 804 2323; x_wconf 88' lang='lat' dir='ltr'><strong>ex</strong></span> <span class='ocrx_word' id='word_1_174' title='bbox 822 2265 970 2342; x_wconf 85' lang='lat' dir='ltr'><strong>Aristippi,</strong></span> <span class='ocrx_word' id='word_1_175' title='bbox 986 2266 1109 2326; x_wconf 88' lang='lat' dir='ltr'><strong>acerbos</strong></span> <span class='ocrx_word' id='word_1_176' title='bbox 1123 2284 1140 2326; x_wconf 90' lang='lat' dir='ltr'><strong>e</strong></span> <span class='ocrx_word' id='word_1_177' title='bbox 1153 2268 1280 2327; x_wconf 89' lang='lat' dir='ltr'><strong>Zenonis</strong></span> 
     </span>
    </p>

    <p class='ocr_par' dir='ltr' id='par_1_7' title="bbox 189 2359 1317 2823">
     <span class='ocr_line' id='line_1_21' title="bbox 189 2359 1279 2438; baseline 0.006 -20"><span class='ocrx_word' id='word_1_178' title='bbox 189 2379 215 2407; x_wconf 71' lang='grc' dir='ltr'><strong><em>ω</em></strong></span> <span class='ocrx_word' id='word_1_179' title='bbox 227 2360 327 2419; x_wconf 88' lang='lat' dir='ltr'><strong>schola</strong></span> <span class='ocrx_word' id='word_1_180' title='bbox 347 2359 455 2435; x_wconf 85' lang='lat' dir='ltr'><strong>exire),</strong></span> <span class='ocrx_word' id='word_1_181' title='bbox 470 2378 594 2436; x_wconf 91' lang='lat' dir='ltr'><strong>prorsus,</strong></span> <span class='ocrx_word' id='word_1_182' title='bbox 609 2360 642 2431; x_wconf 91' lang='lat' dir='ltr'><strong>si,</strong></span> <span class='ocrx_word' id='word_1_183' title='bbox 657 2361 707 2436; x_wconf 92' lang='lat' dir='ltr'><strong>qui</strong></span> <span class='ocrx_word' id='word_1_184' title='bbox 728 2360 893 2433; x_wconf 88' lang='lat' dir='ltr'><strong>audierunt,</strong></span> <span class='ocrx_word' id='word_1_185' title='bbox 909 2363 1004 2422; x_wconf 92' lang='lat' dir='ltr'><strong>vitiosi</strong></span> <span class='ocrx_word' id='word_1_186' title='bbox 1018 2373 1115 2422; x_wconf 91' lang='lat' dir='ltr'><strong>essent</strong></span> <span class='ocrx_word' id='word_1_187' title='bbox 1129 2363 1279 2438; x_wconf 87' lang='lat' dir='ltr'><strong>dicessuri,</strong></span> 
     </span>
     <span class='ocr_line' id='line_1_22' title="bbox 226 2455 1278 2535; baseline 0.004 -19"><span class='ocrx_word' id='word_1_188' title='bbox 226 2456 308 2534; x_wconf 93' lang='lat' dir='ltr'><strong>quod</strong></span> <span class='ocrx_word' id='word_1_189' title='bbox 335 2475 469 2535; x_wconf 89' lang='lat' dir='ltr'><strong>perverse</strong></span> <span class='ocrx_word' id='word_1_190' title='bbox 497 2457 738 2534; x_wconf 89' lang='lat' dir='ltr'><strong>philosophorum</strong></span> <span class='ocrx_word' id='word_1_191' title='bbox 759 2455 987 2534; x_wconf 90' lang='lat' dir='ltr'><strong>disputationem</strong></span> <span class='ocrx_word' id='word_1_192' title='bbox 1015 2460 1278 2535; x_wconf 87' lang='lat' dir='ltr'><strong>interpretarentur,</strong></span> 
     </span>
     <span class='ocr_line' id='line_1_23' title="bbox 225 2554 1279 2632; baseline 0.003 -18"><span class='ocrx_word' id='word_1_193' title='bbox 225 2564 324 2614; x_wconf 91' lang='lat' dir='ltr'><strong>tacere</strong></span> <span class='ocrx_word' id='word_1_194' title='bbox 345 2564 502 2632; x_wconf 88' lang='lat' dir='ltr'><strong>praestaret</strong></span> <span class='ocrx_word' id='word_1_195' title='bbox 520 2554 702 2631; x_wconf 90' lang='lat' dir='ltr'><strong>philosophis</strong></span> <span class='ocrx_word' id='word_1_196' title='bbox 716 2572 804 2630; x_wconf 88' lang='lat' dir='ltr'><strong>quam</strong></span> <span class='ocrx_word' id='word_1_197' title='bbox 819 2555 863 2628; x_wconf 90' lang='lat' dir='ltr'><strong>iis,</strong></span> <span class='ocrx_word' id='word_1_198' title='bbox 877 2556 928 2631; x_wconf 92' lang='lat' dir='ltr'><strong>qui</strong></span> <span class='ocrx_word' id='word_1_199' title='bbox 942 2574 974 2614; x_wconf 90' lang='lat' dir='ltr'><strong>se</strong></span> <span class='ocrx_word' id='word_1_200' title='bbox 988 2555 1146 2629; x_wconf 86' lang='lat' dir='ltr'><strong>audissent,</strong></span> <span class='ocrx_word' id='word_1_201' title='bbox 1160 2575 1279 2618; x_wconf 86' lang='lat' dir='ltr'><strong>nocere.</strong></span> 
     </span>
     <span class='ocr_line' id='line_1_24' title="bbox 226 2651 1317 2724; baseline 0 -13"><span class='ocrx_word' id='word_1_202' title='bbox 226 2653 283 2724; x_wconf 91' lang='lat' dir='ltr'><strong>Sic,</strong></span> <span class='ocrx_word' id='word_1_203' title='bbox 297 2652 321 2710; x_wconf 89' lang='lat' dir='ltr'><strong>si</strong></span> <span class='ocrx_word' id='word_1_204' title='bbox 335 2652 469 2710; x_wconf 88' lang='lat' dir='ltr'><strong>homines</strong></span> <span class='ocrx_word' id='word_1_205' title='bbox 483 2652 625 2710; x_wconf 90' lang='lat' dir='ltr'><strong>rationem</strong></span> <span class='ocrx_word' id='word_1_206' title='bbox 638 2651 720 2710; x_wconf 92' lang='lat' dir='ltr'><strong>bono</strong></span> <span class='ocrx_word' id='word_1_207' title='bbox 735 2651 858 2709; x_wconf 90' lang='lat' dir='ltr'><strong>consilio</strong></span> <span class='ocrx_word' id='word_1_208' title='bbox 871 2669 890 2709; x_wconf 90' lang='lat' dir='ltr'><strong>a</strong></span> <span class='ocrx_word' id='word_1_209' title='bbox 902 2651 948 2710; x_wconf 90' lang='lat' dir='ltr'><strong>dis</strong></span> <span class='ocrx_word' id='word_1_210' title='bbox 965 2652 1165 2712; x_wconf 89' lang='lat' dir='ltr'><strong>inmortalibus</strong></span> <span class='ocrx_word' id='word_1_211' title='bbox 1179 2652 1279 2711; x_wconf 90' lang='lat' dir='ltr'><strong>datam</strong></span> <span class='ocrx_word' id='word_1_212' title='bbox 1291 2668 1317 2711; x_wconf 76' lang='lat' dir='ltr'><strong>ra</strong></span> 
     </span>
     <span class='ocr_line' id='line_1_25' title="bbox 226 2745 1279 2823; baseline 0.002 -17"><span class='ocrx_word' id='word_1_213' title='bbox 226 2748 256 2806; x_wconf 91' lang='lat' dir='ltr'><strong>in</strong></span> <span class='ocrx_word' id='word_1_214' title='bbox 277 2748 409 2807; x_wconf 84' lang='lat' dir='ltr'><strong>fraudem</strong></span> <span class='ocrx_word' id='word_1_215' title='bbox 429 2748 627 2823; x_wconf 88' lang='lat' dir='ltr'><strong>malitiamque</strong></span> <span class='ocrx_word' id='word_1_216' title='bbox 648 2756 831 2819; x_wconf 88' lang='lat' dir='ltr'><strong>convertunt,</strong></span> <span class='ocrx_word' id='word_1_217' title='bbox 850 2765 911 2805; x_wconf 91' lang='lat' dir='ltr'><strong>non</strong></span> <span class='ocrx_word' id='word_1_218' title='bbox 929 2745 992 2806; x_wconf 89' lang='lat' dir='ltr'><strong>dari</strong></span> <span class='ocrx_word' id='word_1_219' title='bbox 1012 2746 1090 2806; x_wconf 90' lang='lat' dir='ltr'><strong>illam</strong></span> <span class='ocrx_word' id='word_1_220' title='bbox 1109 2766 1196 2823; x_wconf 89' lang='lat' dir='ltr'><strong>quam</strong></span> <span class='ocrx_word' id='word_1_221' title='bbox 1216 2747 1279 2808; x_wconf 85' lang='lat' dir='ltr'><strong>dari</strong></span> 
     </span>
    </p>

    <p class='ocr_par' dir='ltr' id='par_1_8' title="bbox 189 2842 1279 3312">
     <span class='ocr_line' id='line_1_26' title="bbox 189 2842 1278 2920; baseline -0.003 -16"><span class='ocrx_word' id='word_1_222' title='bbox 189 2863 214 2904; x_wconf 66' lang='lat' dir='ltr'><strong>vs</strong></span> <span class='ocrx_word' id='word_1_223' title='bbox 227 2845 357 2904; x_wconf 92' lang='lat' dir='ltr'><strong>humano</strong></span> <span class='ocrx_word' id='word_1_224' title='bbox 371 2845 471 2920; x_wconf 86' lang='lat' dir='ltr'><strong>generi</strong></span> <span class='ocrx_word' id='word_1_225' title='bbox 485 2845 587 2903; x_wconf 88' lang='lat' dir='ltr'><strong>meiius</strong></span> <span class='ocrx_word' id='word_1_226' title='bbox 601 2844 663 2903; x_wconf 83' lang='lat' dir='ltr'><strong>suit.</strong></span> <span class='ocrx_word' id='word_1_227' title='bbox 703 2844 755 2915; x_wconf 91' lang='lat' dir='ltr'><strong>Ut,</strong></span> <span class='ocrx_word' id='word_1_228' title='bbox 766 2843 791 2902; x_wconf 91' lang='lat' dir='ltr'><strong>si</strong></span> <span class='ocrx_word' id='word_1_229' title='bbox 805 2842 938 2901; x_wconf 90' lang='lat' dir='ltr'><strong>medicus</strong></span> <span class='ocrx_word' id='word_1_230' title='bbox 952 2843 1026 2901; x_wconf 89' lang='lat' dir='ltr'><strong>sciat</strong></span> <span class='ocrx_word' id='word_1_231' title='bbox 1038 2861 1107 2902; x_wconf 89' lang='lat' dir='ltr'><strong>eum</strong></span> <span class='ocrx_word' id='word_1_232' title='bbox 1117 2853 1278 2919; x_wconf 83' lang='lat' dir='ltr'><strong>aegrotum,</strong></span> 
     </span>
     <span class='ocr_line' id='line_1_27' title="bbox 226 2940 1278 3017; baseline -0.002 -17"><span class='ocrx_word' id='word_1_233' title='bbox 226 2942 276 3017; x_wconf 93' lang='lat' dir='ltr'><strong>qui</strong></span> <span class='ocrx_word' id='word_1_234' title='bbox 301 2941 393 3000; x_wconf 90' lang='lat' dir='ltr'><strong>iussus</strong></span> <span class='ocrx_word' id='word_1_235' title='bbox 417 2941 453 3000; x_wconf 92' lang='lat' dir='ltr'><strong>sit</strong></span> <span class='ocrx_word' id='word_1_236' title='bbox 477 2941 577 2999; x_wconf 90' lang='lat' dir='ltr'><strong>vinum</strong></span> <span class='ocrx_word' id='word_1_237' title='bbox 600 2958 725 3011; x_wconf 88' lang='lat' dir='ltr'><strong>sumere,</strong></span> <span class='ocrx_word' id='word_1_238' title='bbox 748 2940 891 2998; x_wconf 89' lang='lat' dir='ltr'><strong>meracius</strong></span> <span class='ocrx_word' id='word_1_239' title='bbox 916 2947 1098 3015; x_wconf 88' lang='lat' dir='ltr'><strong>sumpturum</strong></span> <span class='ocrx_word' id='word_1_240' title='bbox 1122 2940 1278 3014; x_wconf 90' lang='lat' dir='ltr'><strong>statimque</strong></span> 
     </span>
     <span class='ocr_line' id='line_1_28' title="bbox 226 3035 1277 3116; baseline -0.004 -18"><span class='ocrx_word' id='word_1_241' title='bbox 226 3039 395 3116; x_wconf 88' lang='lat' dir='ltr'><strong>periturum,</strong></span> <span class='ocrx_word' id='word_1_242' title='bbox 410 3056 516 3114; x_wconf 87' lang='lat' dir='ltr'><strong>magna</strong></span> <span class='ocrx_word' id='word_1_243' title='bbox 534 3037 570 3096; x_wconf 93' lang='lat' dir='ltr'><strong>sit</strong></span> <span class='ocrx_word' id='word_1_244' title='bbox 588 3037 618 3096; x_wconf 93' lang='lat' dir='ltr'><strong>in</strong></span> <span class='ocrx_word' id='word_1_245' title='bbox 637 3037 732 3113; x_wconf 91' lang='lat' dir='ltr'><strong>culpa,</strong></span> <span class='ocrx_word' id='word_1_246' title='bbox 747 3037 790 3095; x_wconf 90' lang='lat' dir='ltr'><strong>sic</strong></span> <span class='ocrx_word' id='word_1_247' title='bbox 803 3046 900 3095; x_wconf 90' lang='lat' dir='ltr'><strong>vestra</strong></span> <span class='ocrx_word' id='word_1_248' title='bbox 914 3035 969 3094; x_wconf 89' lang='lat' dir='ltr'><strong>ista</strong></span> <span class='ocrx_word' id='word_1_249' title='bbox 982 3035 1165 3111; x_wconf 90' lang='lat' dir='ltr'><strong>providentia</strong></span> <span class='ocrx_word' id='word_1_250' title='bbox 1180 3053 1277 3112; x_wconf 90' lang='lat' dir='ltr'><strong>repre·</strong></span> 
     </span>
     <span class='ocr_line' id='line_1_29' title="bbox 227 3132 1279 3212; baseline -0.004 -16"><span class='ocrx_word' id='word_1_251' title='bbox 227 3135 394 3209; x_wconf 82' lang='lat' dir='ltr'><strong>hendenda,</strong></span> <span class='ocrx_word' id='word_1_252' title='bbox 409 3153 485 3212; x_wconf 90' lang='lat' dir='ltr'><strong>quae</strong></span> <span class='ocrx_word' id='word_1_253' title='bbox 502 3134 645 3194; x_wconf 86' lang='lat' dir='ltr'><strong>rationem</strong></span> <span class='ocrx_word' id='word_1_254' title='bbox 658 3133 772 3193; x_wconf 91' lang='lat' dir='ltr'><strong>dederit</strong></span> <span class='ocrx_word' id='word_1_255' title='bbox 786 3132 829 3207; x_wconf 90' lang='lat' dir='ltr'><strong>iis,</strong></span> <span class='ocrx_word' id='word_1_256' title='bbox 843 3151 919 3210; x_wconf 93' lang='lat' dir='ltr'><strong>quos</strong></span> <span class='ocrx_word' id='word_1_257' title='bbox 937 3132 1033 3192; x_wconf 89' lang='lat' dir='ltr'><strong>scierit</strong></span> <span class='ocrx_word' id='word_1_258' title='bbox 1047 3150 1083 3191; x_wconf 89' lang='lat' dir='ltr'><strong>ea</strong></span> <span class='ocrx_word' id='word_1_259' title='bbox 1096 3149 1230 3210; x_wconf 89' lang='lat' dir='ltr'><strong>perverse</strong></span> <span class='ocrx_word' id='word_1_260' title='bbox 1249 3143 1279 3192; x_wconf 95' lang='lat' dir='ltr'><strong>et</strong></span> 
     </span>
     <span class='ocr_line' id='line_1_30' title="bbox 227 3230 1278 3312; baseline -0.004 -18"><span class='ocrx_word' id='word_1_261' title='bbox 227 3235 349 3312; x_wconf 91' lang='lat' dir='ltr'><strong>inprobe</strong></span> <span class='ocrx_word' id='word_1_262' title='bbox 369 3253 481 3295; x_wconf 90' lang='lat' dir='ltr'><strong>usuros.</strong></span> <span class='ocrx_word' id='word_1_263' title='bbox 523 3233 588 3294; x_wconf 92' lang='lat' dir='ltr'><strong>Nisi</strong></span> <span class='ocrx_word' id='word_1_264' title='bbox 608 3235 682 3292; x_wconf 86' lang='lat' dir='ltr'><strong>sorte</strong></span> <span class='ocrx_word' id='word_1_265' title='bbox 696 3230 792 3292; x_wconf 90' lang='lat' dir='ltr'><strong>dicitis</strong></span> <span class='ocrx_word' id='word_1_266' title='bbox 813 3250 880 3291; x_wconf 90' lang='lat' dir='ltr'><strong>eam</strong></span> <span class='ocrx_word' id='word_1_267' title='bbox 901 3230 1039 3290; x_wconf 89' lang='lat' dir='ltr'><strong>nescisse.</strong></span> <span class='ocrx_word' id='word_1_268' title='bbox 1080 3230 1203 3292; x_wconf 91' lang='lat' dir='ltr'><strong>Utinam</strong></span> <span class='ocrx_word' id='word_1_269' title='bbox 1216 3231 1278 3307; x_wconf 92' lang='lat' dir='ltr'><strong>qui·</strong></span> 
     </span>
    </p>

    <p class='ocr_par' dir='ltr' id='par_1_9' title="bbox 190 3327 1280 3508">
     <span class='ocr_line' id='line_1_31' title="bbox 190 3327 1280 3407; baseline -0.001 -18"><span class='ocrx_word' id='word_1_270' title='bbox 190 3349 216 3389; x_wconf 79' lang='lat'><strong>³0</strong></span> <span class='ocrx_word' id='word_1_271' title='bbox 228 3331 299 3393; x_wconf 89' lang='lat' dir='ltr'><strong>dem</strong></span> <span class='ocrx_word' id='word_1_272' title='bbox 311 3336 317 3393; x_wconf 87' lang='lat'>1</span> <span class='ocrx_word' id='word_1_273' title='bbox 352 3331 411 3394; x_wconf 89' lang='lat' dir='ltr'><strong>Sed</strong></span> <span class='ocrx_word' id='word_1_274' title='bbox 422 3351 483 3392; x_wconf 91' lang='lat' dir='ltr'><strong>non</strong></span> <span class='ocrx_word' id='word_1_275' title='bbox 493 3330 647 3392; x_wconf 90' lang='lat' dir='ltr'><strong>audebitis.</strong></span> <span class='ocrx_word' id='word_1_276' title='bbox 682 3330 754 3390; x_wconf 91' lang='lat' dir='ltr'><strong>Non</strong></span> <span class='ocrx_word' id='word_1_277' title='bbox 767 3329 847 3389; x_wconf 91' lang='lat' dir='ltr'><strong>enim</strong></span> <span class='ocrx_word' id='word_1_278' title='bbox 861 3329 974 3407; x_wconf 88' lang='lat' dir='ltr'><strong>ignoro,</strong></span> <span class='ocrx_word' id='word_1_279' title='bbox 985 3327 1086 3406; x_wconf 88' lang='lat' dir='ltr'><strong>quanti</strong></span> <span class='ocrx_word' id='word_1_280' title='bbox 1097 3327 1159 3388; x_wconf 90' lang='lat' dir='ltr'><strong>eius</strong></span> <span class='ocrx_word' id='word_1_281' title='bbox 1170 3346 1280 3389; x_wconf 89' lang='lat' dir='ltr'><strong>nomen</strong></span> 
     </span>
     <span class='ocr_line' id='line_1_32' title="bbox 227 3432 343 3508; baseline 0.017 -20"><span class='ocrx_word' id='word_1_282' title='bbox 227 3432 343 3508; x_wconf 88' lang='lat' dir='ltr'><strong>putetis.</strong></span> 
     </span>
    </p>

    <p class='ocr_par' dir='ltr' id='par_1_10' title="bbox 228 3515 1322 3794">
     <span class='ocr_line' id='line_1_33' title="bbox 268 3515 1322 3623; baseline -0.007 -36"><span class='ocrx_word' id='word_1_283' title='bbox 268 3527 325 3587; x_wconf 87' lang='lat' dir='ltr'><strong>Sed</strong></span> <span class='ocrx_word' id='word_1_284' title='bbox 341 3528 388 3585; x_wconf 92' lang='lat' dir='ltr'><strong>hic</strong></span> <span class='ocrx_word' id='word_1_285' title='bbox 403 3525 523 3603; x_wconf 91' lang='lat' dir='ltr'><strong>quidem</strong></span> <span class='ocrx_word' id='word_1_286' title='bbox 537 3526 620 3586; x_wconf 90' lang='lat' dir='ltr'><strong>locus</strong></span> <span class='ocrx_word' id='word_1_287' title='bbox 638 3524 779 3585; x_wconf 89' lang='lat' dir='ltr'><strong>concludi</strong></span> <span class='ocrx_word' id='word_1_288' title='bbox 799 3524 859 3583; x_wconf 92' lang='lat' dir='ltr'><strong>iam</strong></span> <span class='ocrx_word' id='word_1_289' title='bbox 879 3531 987 3601; x_wconf 86' lang='lat' dir='ltr'><strong>potest.</strong></span> <span class='ocrx_word' id='word_1_290' title='bbox 1029 3523 1107 3581; x_wconf 89' lang='lat' dir='ltr'><strong>Nam</strong></span> <span class='ocrx_word' id='word_1_291' title='bbox 1122 3523 1146 3582; x_wconf 91' lang='lat' dir='ltr'><strong>si</strong></span> <span class='ocrx_word' id='word_1_292' title='bbox 1160 3523 1279 3582; x_wconf 90' lang='lat' dir='ltr'><strong>stultitia</strong></span> <span class='ocrx_word' id='word_1_293' title='bbox 1285 3515 1322 3623; x_wconf 63' lang='grc' dir='ltr'><strong>ἱξξ</strong></span> 
     </span>
     <span class='ocr_line' id='line_1_34' title="bbox 228 3619 1280 3699; baseline -0.006 -16"><span class='ocrx_word' id='word_1_294' title='bbox 228 3643 373 3683; x_wconf 89' lang='lat' dir='ltr'><strong>consensu</strong></span> <span class='ocrx_word' id='word_1_295' title='bbox 399 3625 531 3682; x_wconf 91' lang='lat' dir='ltr'><strong>omnium</strong></span> <span class='ocrx_word' id='word_1_296' title='bbox 558 3621 801 3699; x_wconf 90' lang='lat' dir='ltr'><strong>philosophorum</strong></span> <span class='ocrx_word' id='word_1_297' title='bbox 829 3620 921 3679; x_wconf 90' lang='lat' dir='ltr'><strong>maius</strong></span> <span class='ocrx_word' id='word_1_298' title='bbox 941 3627 985 3678; x_wconf 90' lang='lat' dir='ltr'><strong>est</strong></span> <span class='ocrx_word' id='word_1_299' title='bbox 1006 3619 1123 3692; x_wconf 92' lang='lat' dir='ltr'><strong>malum,</strong></span> <span class='ocrx_word' id='word_1_300' title='bbox 1145 3619 1280 3695; x_wconf 89' lang='lat' dir='ltr'><strong>quamsi</strong></span> 
     </span>
     <span class='ocr_line' id='line_1_35' title="bbox 229 3715 1279 3794; baseline -0.008 -13"><span class='ocrx_word' id='word_1_301' title='bbox 229 3722 328 3781; x_wconf 91' lang='lat' dir='ltr'><strong>omnia</strong></span> <span class='ocrx_word' id='word_1_302' title='bbox 348 3720 425 3779; x_wconf 90' lang='lat' dir='ltr'><strong>mala</strong></span> <span class='ocrx_word' id='word_1_303' title='bbox 445 3730 475 3779; x_wconf 91' lang='lat' dir='ltr'><strong>et</strong></span> <span class='ocrx_word' id='word_1_304' title='bbox 495 3721 627 3780; x_wconf 82' lang='lat' dir='ltr'><strong>fortunae</strong></span> <span class='ocrx_word' id='word_1_305' title='bbox 647 3728 678 3778; x_wconf 91' lang='lat' dir='ltr'><strong>et</strong></span> <span class='ocrx_word' id='word_1_306' title='bbox 699 3717 828 3794; x_wconf 90' lang='lat' dir='ltr'><strong>corporis</strong></span> <span class='ocrx_word' id='word_1_307' title='bbox 850 3735 887 3774; x_wconf 89' lang='lat' dir='ltr'><strong>ex</strong></span> <span class='ocrx_word' id='word_1_308' title='bbox 914 3715 1003 3774; x_wconf 89' lang='lat' dir='ltr'><strong>altera</strong></span> <span class='ocrx_word' id='word_1_309' title='bbox 1022 3725 1105 3791; x_wconf 89' lang='lat' dir='ltr'><strong>parte</strong></span> <span class='ocrx_word' id='word_1_310' title='bbox 1125 3724 1279 3791; x_wconf 89' lang='lat' dir='ltr'><strong>ponantur,</strong></span> 
     </span>
    </p>

    <p class='ocr_par' dir='ltr' id='par_1_11' title="bbox 193 3811 1281 3895">
     <span class='ocr_line' id='line_1_36' title="bbox 193 3811 1281 3895; baseline -0.009 -15"><span class='ocrx_word' id='word_1_311' title='bbox 193 3842 217 3883; x_wconf 76' lang='lat' dir='ltr'><strong>as</strong></span> <span class='ocrx_word' id='word_1_312' title='bbox 230 3818 404 3895; x_wconf 81' lang='lat' dir='ltr'><strong>sapientiam</strong></span> <span class='ocrx_word' id='word_1_313' title='bbox 430 3827 529 3878; x_wconf 89' lang='lat' dir='ltr'><strong>autem</strong></span> <span class='ocrx_word' id='word_1_314' title='bbox 553 3835 643 3877; x_wconf 90' lang='lat' dir='ltr'><strong>nemo</strong></span> <span class='ocrx_word' id='word_1_315' title='bbox 667 3814 845 3893; x_wconf 89' lang='lat' dir='ltr'><strong>adsequitur,</strong></span> <span class='ocrx_word' id='word_1_316' title='bbox 866 3813 897 3872; x_wconf 88' lang='lat' dir='ltr'><strong>in</strong></span> <span class='ocrx_word' id='word_1_317' title='bbox 924 3811 1045 3873; x_wconf 89' lang='lat' dir='ltr'><strong>summis</strong></span> <span class='ocrx_word' id='word_1_318' title='bbox 1069 3811 1152 3872; x_wconf 88' lang='lat' dir='ltr'><strong>malis</strong></span> <span class='ocrx_word' id='word_1_319' title='bbox 1176 3829 1281 3872; x_wconf 91' lang='lat' dir='ltr'><strong>omnes</strong></span> 
     </span>
    </p>
   </div>
   <div class='ocr_carea' id='block_1_3' title="bbox 0 0 1470 4364">
    <p class='ocr_par' dir='ltr' id='par_1_12' title="bbox 0 0 1470 4364">
     <span class='ocr_line' id='line_1_37' title="bbox 0 0 1470 4364; baseline 0 1"><span class='ocrx_word' id='word_1_320' title='bbox 0 0 1470 4364; x_wconf 95' lang='lat' dir='ltr'><strong> </strong></span> 
     </span>
    </p>
   </div>
  </div>
 </body>
</html>
