2932 4364
521 329 587 412 L1l3.
605 327 626 376 1.
660 326 721 376 Car.
732 326 817 386 xxx,
829 326 928 376 xxxl.
945 328 992 408 ἐς
1005 326 1093 390 81-87.
1294 326 1334 392 57

282 483 330 554 ris,
353 483 395 541 sic
418 481 497 541 idem
520 481 550 539 in
573 481 657 539 Italia
678 479 836 550 Volcanus,
860 477 939 538 idem
964 478 994 537 in
1020 480 1173 555 Hispania.
1216 480 1334 540 Deinde

283 579 435 636 nominum
448 595 509 635 non
524 594 646 651 magnus
661 592 799 633 numerus
813 592 851 633 ne
865 574 895 632 in
910 575 1066 649 pontificiis
1082 575 1203 650 quidem
1220 578 1333 648 nostris,

283 672 406 731 deorum
421 681 519 730 autem
534 671 758 731 innumerabilis.
800 672 846 728 An
861 669 923 728 sine
938 670 1105 729 nominibus
1122 673 1211 729 sunt?
1251 671 1334 730 Istud

283 764 403 844 quidem
426 769 465 827 ita
486 768 569 827 vobis
591 767 689 826 dicere
712 784 834 825 necesse
856 776 918 839 est;
940 765 1012 842 quid
1034 767 1112 825 enim
1133 767 1244 839 attinet,
1266 786 1335 826 cum

238 884 263 924 ,s
283 884 342 924 una
360 866 447 924 iacies
468 865 513 937 sit,
528 865 611 941 plura
631 877 694 922 esse
716 864 856 922 nomina?
897 864 996 938 Quam
1016 864 1127 923 bellum
1147 874 1217 936 erat,
1232 864 1333 936 Vellei,

283 961 416 1020 confiteri
439 961 536 1037 potius
557 961 680 1031 nescire,
702 959 784 1035 quod
808 961 944 1032 nescires,
967 978 1057 1036 quam
1080 960 1135 1019 ista
1155 960 1334 1019 effutientem

282 1062 421 1117 nauseare
436 1067 523 1139 atque
538 1057 634 1133 ipsum
650 1056 705 1116 sibi
719 1055 893 1132 displicere!
933 1058 981 1115 An
994 1065 1025 1116 tu
1040 1057 1099 1115 mei
1113 1056 1236 1132 similem
1250 1067 1335 1134 putas

283 1173 346 1215 esse
368 1165 418 1214 aut
438 1155 479 1215 tui
494 1153 604 1214 deum?
646 1155 781 1214 Profecto
803 1173 864 1213 non
885 1163 980 1231 putas.
1023 1153 1104 1229 Quid
1125 1156 1217 1232 ergo?
1243 1156 1334 1214 solem

283 1252 381 1312 dicam
407 1261 458 1312 aut
484 1252 584 1311 lunam
612 1261 661 1319 aut
688 1252 804 1310 caelum
823 1250 935 1311 deum?
976 1253 1055 1328 Ergo
1083 1253 1172 1311 etiam
1196 1253 1336 1313 beatum?

248 1370 273 1397 10
285 1347 398 1422 Quibus
413 1349 557 1407 fruentem
571 1347 788 1422 voluptatibus?
819 1348 858 1405 Et
871 1347 1055 1423 sapientem?
1086 1348 1146 1422 Qui
1159 1357 1257 1425 potest
1271 1367 1335 1428 esse

215 1452 219 1460 “
284 1443 315 1502 in
329 1443 391 1502 eius
405 1442 487 1502 modi
500 1452 605 1502 trunco
619 1443 781 1519 sapientia?
819 1444 905 1502 Haec
915 1453 1010 1502 vestra
1023 1453 1106 1504 sunt..
1137 1444 1166 1504 Si
1180 1444 1266 1521 igitur
1278 1464 1335 1504 nec
1348 1462 1374 1503 ss

285 1538 414 1599 humano
427 1541 503 1613 visu,
518 1539 599 1615 quod
614 1539 712 1612 docui,
726 1558 783 1598 nec
797 1539 847 1598 tali
860 1540 968 1615 aliquo,
983 1539 1066 1616 quod
1088 1540 1140 1600 tibi
1162 1541 1203 1600 ita
1217 1560 1336 1618 persua·

260 1684 263 1688 A
286 1655 351 1697 sum
365 1645 418 1709 est,
427 1637 499 1714 quid
513 1637 629 1697 dubitas
643 1654 749 1713 negare
764 1636 837 1696 deos
851 1639 937 1696 esse?
972 1637 1041 1697 Non
1056 1637 1157 1698 andes.
1185 1639 1337 1715 Sapienter

286 1732 461 1818 idlquidem,
475 1734 529 1793 etsi
550 1734 608 1793 hoc
632 1735 700 1793 loco
722 1752 782 1793 non
797 1733 941 1811 populum
955 1735 1069 1807 metuis,
1084 1734 1139 1794 sed
1159 1736 1239 1811 ipsos
1253 1736 1336 1796 deos.

231 1898 233 1902 ι
251 1854 274 1894 ις
288 1823 365 1888 Novi
379 1848 435 1906 ego
450 1831 612 1905 Epicureos
626 1830 727 1889 omnia
739 1830 832 1906 sigilla
844 1840 1035 1905 venerantes;
1057 1850 1235 1907 quamquam
1249 1832 1337 1892 video

286 1944 347 1985 non
370 1926 454 1986 nullis
477 1926 570 1985 videri
594 1927 765 2002 Epicurum,
786 1944 824 1984 ne
849 1926 880 1984 in
896 1927 1094 1986 ¹offensionem
1115 1928 1338 1987 Atheniensium

216 2055 218 2058 >
287 2019 415 2093 caderet,
439 2021 533 2079 verbis
557 2021 707 2095 reliquisse
732 2019 814 2092 deos,
836 2022 1045 2080 resustulisse.
1088 2022 1192 2096 Itaque
1224 2023 1253 2080 in
1285 2023 1337 2081 illis

279 2101 401 2173 ¹selectis
416 2115 477 2174 eius
490 2114 685 2189 brevibusque
699 2114 859 2186 sententiis,
876 2133 948 2189 quas
962 2116 1114 2190 appellatis
1135 2115 1229 2190 κυρίας
1249 2115 1338 2184 δόξας,

253 2237 255 2241 ’
288 2208 371 2281 haec,
385 2218 418 2268 ut
431 2209 544 2287 opinor,
559 2210 654 2287 prima
671 2209 816 2268 sententia
836 2220 899 2268 est:
922 2209 1049 2284 ‘Quod
1068 2211 1214 2270 beatum
1235 2220 1270 2269 et
1289 2211 1338 2269 in·

251 2305 442 2367 „mortale
476 2315 546 2381 est,
578 2305 615 2366 id
645 2324 713 2365 nec
743 2304 856 2366 habet
886 2325 954 2365 nec
986 2305 1136 2367 exhibet
1169 2308 1339 2382 cuiquam

186 2405 188 2409 ’
256 2456 259 2465 ,
288 2403 496 2480 negotium!
539 2406 575 2463 In
590 2403 646 2463 hac
659 2404 700 2463 ita
713 2404 847 2479 exposita
861 2404 1005 2462 sententia
1018 2412 1085 2462 sunt
1099 2403 1150 2479 qui
1166 2404 1338 2476 existiment,
1347 2411 1383 2466 81

277 2499 371 2577 quod
391 2500 437 2560 ille
458 2499 572 2559 inscitia
591 2501 678 2577 plane
699 2498 841 2575 loquendi
861 2500 979 2571 iecerat,
1001 2501 1104 2559 secisse
1125 2501 1260 2559 consulto
1271 2501 1339 2573 ;'de

254 2594 409 2681 ,ffihomine'
436 2597 555 2656 minime
581 2597 663 2655 vafro
689 2596 766 2655 male
794 2595 968 2655 existimant
1020 2595 1151 2655 Dubium
1178 2605 1223 2655 est
1250 2597 1339 2669 enim,
1352 2613 1378 2652 so

234 2687 255 2765 J
290 2703 386 2753 utrum
408 2693 488 2753 dicat
509 2693 618 2770 aliquid
640 2693 760 2753 beatum
782 2710 846 2752 esse
865 2701 895 2751 et
916 2691 1068 2751 inmortale
1088 2710 1136 2765 an,
1157 2692 1182 2752 si
1202 2692 1274 2768 quid
1294 2693 1339 2752 sit.

209 2798 219 2808 ”
241 2791 361 2867 ¹naNon
375 2788 609 2849 animadvertunt
622 2789 670 2848 hic
684 2809 753 2848 eum
770 2790 907 2866 ambigue
928 2789 1061 2847 locutum
1080 2806 1154 2861 esse,
1169 2789 1222 2849 sed
1243 2791 1340 2849 multis

254 2918 257 2922 ι
286 2877 352 2946 ‘aliis
365 2887 438 2949 locis
452 2899 482 2947 et
495 2888 576 2947 illum
589 2898 620 2947 et
634 2887 837 2960 Metrodorum
854 2896 915 2945 tam
934 2895 1033 2962 aperte
1054 2903 1143 2961 quam
1163 2886 1251 2961 paulo
1273 2897 1354 2966 ante,

290 2991 329 3043 te.
371 2984 424 3043 Ille
441 3002 510 3043 vero
530 2984 604 3044 deos
625 3003 688 3044 esse
709 2993 801 3060 putat,
815 3002 872 3043 nec
894 3000 1074 3058 quemquam
1094 2980 1163 3053 vidi,
1178 2981 1228 3056 qui
1249 2984 1341 3058 magis

290 3099 338 3152 ea,
350 3099 426 3156 quae
446 3070 579 3140 timenda
599 3100 663 3141 esse
685 3091 812 3158 negaret,
831 3082 956 3153 timeret,
972 3088 1097 3138 mortem
1118 3076 1188 3140 dico
1208 3086 1238 3137 et
1259 3079 1355 3141 deos..

292 3176 406 3250 Quibus
434 3175 598 3256 mediocres
622 3177 755 3236 homines
780 3196 840 3236 non
865 3180 905 3238 ita
929 3176 1014 3236 valde
1041 3184 1203 3246 moventur,
1227 3174 1272 3232 his
1296 3175 1342 3232 ille

254 3272 398 3331 aoclamat
414 3272 546 3329 omnium
568 3272 731 3331 mortalium
752 3283 866 3332 mentes
887 3292 951 3332 esse
972 3272 1146 3349 perterritas.
1186 3271 1246 3328 Tot
1265 3270 1344 3327 milia

292 3365 498 3424 latrocinantur
519 3377 612 3426 morte
635 3368 792 3442 proposita,
815 3368 863 3426 alii
888 3369 995 3440 omnia,
1020 3386 1098 3443 quae
1121 3375 1253 3443 possunt,
1277 3365 1344 3423 sana

292 3461 451 3535 conpilant.
492 3461 601 3533 Credo,
625 3471 676 3520 aut
699 3463 761 3521 illos
783 3463 883 3522 mortis
906 3464 994 3522 timor
1018 3472 1106 3522 terret
1128 3470 1178 3522 aut
1201 3460 1255 3520 hos
1279 3460 1343 3518 reli-

292 3542 395 3632 gionis.

333 3650 392 3711 Sed
413 3652 552 3728 quoniam
574 3672 635 3713 non
658 3652 750 3713 audes
777 3655 850 3732 (iam
873 3655 951 3713 enirn
974 3674 1043 3713 cum
1065 3655 1129 3732 ipso
1152 3654 1280 3730 Epicuro
1300 3653 1342 3712 lo·
1357 3671 1381 3712 sr

257 3771 281 3812 as
294 3736 379 3827 quar)
398 3767 504 3825 negare
526 3767 590 3809 esse
611 3750 694 3823 deos,
716 3750 788 3827 quid
808 3760 861 3825 est,
876 3750 957 3826 quod
977 3749 1160 3828 te·inpediat
1180 3761 1230 3810 aut
1250 3750 1344 3810 solem
