2932 4364
166 364 226 426 118
490 375 541 425 nn
560 374 708 426 uarum
729 374 890 425 nnouuu

160 532 259 610 figuris
272 532 465 592 animantium
479 541 510 591 et
522 549 615 608 quarn
627 530 728 590 sollers
741 530 910 606 subtilisque
925 529 1076 608 discriptio
1089 531 1216 608 partium

81 635 86 642 '
161 647 311 708 quamque
331 629 509 689 admirabilis
529 629 639 687 fabrica
658 628 866 686 membrorum.
908 627 1018 688 Omnia
1035 630 1124 701 enim,
1138 646 1215 705 quae

161 727 284 803 quidem
307 727 385 785 intus
409 726 522 784 inclusa
544 735 621 796 sunt,
644 725 686 782 ita
708 733 779 782 nata
802 733 890 800 atque
914 725 955 782 ita
975 725 1072 783 locata
1092 735 1169 797 sunt,
1183 735 1216 783 ut

161 823 234 881 nihil
247 840 349 880 eorum
363 838 614 896 supervacaneum
634 821 680 890 sit,
695 819 768 877 nihil
788 819 828 877 ad
840 820 929 877 vitam
950 819 1134 878 retinendam
1154 838 1216 878 non

118 918 368 976 mnecessarium.
411 915 503 974 Dedit
519 924 620 973 autem
640 913 748 973 eadem
767 924 872 972 natura
890 914 984 972 beluis
999 924 1030 973 et
1047 933 1166 973 sensum
1186 925 1248 974 ets

162 1013 335 1089 appetitum,
349 1021 381 1070 nt
394 1012 487 1069 altero
501 1021 640 1068 conatum
659 1009 802 1068 haberent
822 1009 861 1067 ad
881 1010 1026 1069 naturales
1046 1020 1147 1086 pastus
1166 1029 1215 1068 ca·

161 1109 335 1186 pessendos,
348 1110 440 1168 altero
460 1117 649 1167 secernerent
666 1107 804 1184 pestifera
816 1125 836 1165 a
847 1107 1028 1166 salutaribus.
1069 1109 1136 1168 lam
1146 1125 1217 1167 vero

162 1207 219 1266 alia
231 1207 367 1266 animalia
379 1205 553 1284 gradiendo,
567 1205 624 1265 alia
637 1204 785 1282 serpendo
799 1203 839 1264 ad
855 1214 973 1282 pastum
990 1204 1147 1278 accedunt,
1161 1205 1218 1264 alia

161 1305 299 1378 volando,
321 1305 378 1364 alia
400 1305 511 1376 nando,
533 1304 692 1380 cibumque
714 1304 822 1380 partim
842 1304 900 1362 oris
922 1303 1003 1362 hiatu
1027 1313 1058 1363 et
1079 1303 1217 1363 dentibus

162 1405 232 1481 ipsis
259 1414 425 1480 capessunt,
450 1403 557 1479 partim
585 1402 726 1477 unguium
753 1401 911 1460 tenacitate
938 1402 1087 1478 arripiunt,
1111 1402 1217 1478 partim
1230 1425 1256 1453 ιο

162 1500 330 1561 aduncitate
364 1511 532 1572 rostrorum,
556 1498 613 1558 alia
646 1508 762 1574 sugunt,
787 1499 844 1558 alia
867 1508 1000 1575 carpunt,
1025 1499 1081 1556 alia
1103 1509 1216 1571 vorant,

162 1599 219 1658 alia
231 1597 375 1657 mandunt
384 1619 394 1672 3
415 1609 503 1672 atque
518 1597 608 1654 etiam
628 1597 753 1655 aliorum
772 1614 809 1654 ea
829 1606 874 1654 est
894 1596 1050 1667 humilitas,
1065 1606 1096 1654 ut
1116 1597 1216 1655 cibum

118 1704 327 1754 raterrestrem
339 1695 438 1752 rostris
452 1693 537 1751 facile
551 1693 742 1767 contingant;
764 1709 841 1768 qnae
856 1703 955 1750 autem
969 1692 1073 1750 altiora
1092 1703 1168 1764 sunt,
1183 1702 1217 1750 ut

162 1808 289 1862 anseres,
309 1800 342 1848 ut
362 1790 460 1866 cygni,
481 1799 514 1848 ut
535 1806 630 1864 grues,
652 1798 686 1846 ut
707 1789 822 1860 cameli,
847 1788 1021 1847 adiuvantur
1041 1789 1216 1865 proceritate

163 1888 324 1957 collorum;
345 1905 449 1945 manus
463 1887 552 1944 etiam
566 1884 637 1943 data
649 1885 808 1960 elephanto
822 1894 875 1956 est,
889 1885 959 1960 qnia
971 1897 1092 1962 propter
1104 1886 1214 1960 magni-
1229 1910 1254 1949 ις

120 1984 298 2044 48tudinem
313 1984 443 2060 corporis
457 1983 592 2041 difficiles
605 1981 701 2041 aditus
718 1983 846 2041 habebat
865 1980 906 2040 ad
925 1992 1052 2058 pastum.
1093 1984 1132 2040 At
1152 1983 1216 2057 qui-

163 2082 218 2141 bus
238 2081 339 2140 bestiis
359 2081 464 2139 eratis
485 2080 579 2151 cibus,
593 2088 626 2137 ut
646 2079 710 2138 aliis
734 2077 882 2157 [generis]
905 2079 1006 2138 bestiis
1019 2089 1215 2151 vescerentur,

165 2189 214 2238 ant
236 2180 312 2238 vires
335 2189 440 2236 natura
462 2176 546 2236 dedit
569 2186 621 2236 ant
643 2177 831 2236 celeritatem.
873 2177 953 2235 Data
973 2186 1019 2234 est
1041 2176 1216 2251 quibusdam

165 2277 253 2334 etiam
267 2275 445 2334 machinatio
458 2273 606 2348 quaedam
619 2282 708 2347 atque
726 2273 861 2344 sollertia,
876 2281 909 2342 ut
929 2273 960 2330 in
980 2273 1123 2331 araneolis
1142 2273 1216 2331 aliae

165 2372 248 2446 qnasi
267 2382 330 2429 rete
350 2380 462 2441 texunt,
477 2379 518 2441 nt,
531 2370 555 2428 si
577 2368 649 2444 quid
669 2369 833 2440 inhaeserit,
848 2369 1016 2440 conficiant,
1029 2369 1103 2426 aliae
1117 2379 1216 2427 autem
1228 2391 1255 2419 ιο

165 2486 202 2527 ex
216 2468 367 2544 inopinato
380 2467 536 2524 observant
552 2475 591 2536 et,
605 2465 630 2524 si
651 2464 723 2539 quid
745 2463 857 2535 incidit,
871 2465 1012 2539 arripiunt
1032 2463 1123 2540 idque
1144 2483 1216 2524 cou-

165 2573 292 2623 sumunt
334 2563 407 2621 Pina
420 2580 489 2621 vero
509 2563 567 2637 (sic
588 2562 667 2619 enim
689 2562 804 2620 Graece
826 2560 947 2635 dicitur)
966 2561 1081 2619 duabus
1101 2561 1216 2636 grandi·

165 2661 221 2719 bus
243 2660 343 2736 patula
365 2659 489 2717 conchis
513 2677 582 2716 cum
607 2676 696 2733 parva
724 2658 828 2732 squilla
854 2659 936 2733 quasi
961 2659 1134 2716 societatem
1158 2661 1217 2718 ooit

165 2754 355 2831 comparandi
371 2756 437 2826 cibi,
452 2756 561 2829 itaque,
575 2773 644 2813 cum
662 2755 795 2830 pisciculi
815 2755 895 2831 parvi
915 2756 946 2813 in
967 2756 1114 2814 concham
1135 2755 1216 2814 hian-

165 2861 226 2910 tem
240 2853 450 2922 iuuataverunt,
464 2860 527 2909 tum
541 2848 694 2909 admonita
707 2852 828 2924 squillae
843 2869 941 2909 morsu
958 2856 1029 2927 pina
1049 2854 1217 2927 comprimit
1229 2869 1255 2909 ις

165 2948 304 3006 conchas.
339 2947 387 3005 Sic
400 2945 597 3005 dissimillimis
610 2946 739 3004 bestiolis
754 2947 952 3003 communiter
965 2947 1048 3005 cibus
1060 2948 1217 3021 quaeritur.

122 3045 203 3106 mlo
224 3061 285 3118 quo
308 3039 512 3100 admirandum
534 3052 804 3122 est,congressuue
827 3042 925 3117 aliquo
948 3042 1024 3100 iuter
1045 3060 1077 3100 se
1098 3061 1137 3100 an
1159 3045 1217 3102 iam

165 3140 235 3200 inde
249 3142 287 3199 ab
301 3149 366 3198 ortu
379 3149 482 3197 natura
495 3139 559 3214 ipsa
572 3150 767 3214 congregatae
781 3140 848 3198 sint.
892 3140 945 3198 Est
958 3139 1047 3198 etiam
1063 3139 1217 3200 admiratio

165 3255 227 3296 non
237 3236 315 3294 uuila
325 3236 355 3294 in
368 3235 467 3294 bestiis
478 3236 651 3311 aquatilibus
665 3236 708 3306 iis,
720 3253 797 3310 quae
810 3235 968 3311 gignuntur
977 3236 1008 3294 in
1018 3246 1112 3308 terra3
1128 3239 1217 3297 veluti

166 3333 307 3392 crocodili
328 3333 536 3409 fluviatilesque
555 3332 717 3391 testudines
737 3332 943 3409 quaedamque
964 3344 1114 3412 serpentes
1135 3345 1217 3395 ortae
1230 3350 1256 3388 ³⁰

166 3442 246 3490 extra
266 3449 383 3506 aquam,
397 3431 482 3489 simul
502 3448 538 3488 ac
558 3430 684 3505 primum
704 3431 757 3489 niti
771 3439 903 3506 possunt,
916 3449 1024 3506 aquam
1038 3449 1217 3508 persequun-

165 3540 219 3588 tur.
265 3529 346 3603 Quin
374 3528 463 3586 etiam
489 3527 600 3585 anitum
628 3546 684 3586 ova
710 3528 821 3604 gallinis
845 3546 934 3605 saepe
959 3529 1152 3605 supponimus
1163 3551 1172 3603 ς
1199 3549 1217 3589 e

165 3627 270 3700 quibus
291 3626 361 3700 pulli
382 3626 437 3682 orti
459 3625 554 3700 primo
575 3626 689 3682 aluntur
708 3627 746 3684 ab
767 3627 800 3684 iis
821 3636 854 3685 ut
874 3645 892 3684 a
912 3626 1060 3697 matribus,
1076 3645 1094 3685 a
1112 3628 1217 3702 quibus

156 3709 274 3780 'exclusi
303 3721 414 3795 lotique
441 3731 518 3792 sunt,
543 3719 653 3779 deiude
677 3738 727 3779 eas
753 3723 919 3797 relinquunt
947 3733 976 3780 et
1004 3722 1145 3797 effugiunt
1172 3742 1217 3781 se·

164 3828 297 3893 quentes,
318 3835 388 3876 cum
412 3816 538 3893 primum
562 3834 669 3891 aquam
689 3817 772 3891 quasi
792 3818 953 3877 naturalem
974 3817 1097 3877 domum
1117 3818 1216 3877 videre
1230 3827 1255 3867 ³⁵
