2932 4364
462 331 530 380 Lm.
548 331 570 380 1.
604 329 868 391 cu.xxx1x,x1.
902 331 933 395 35
949 330 1068 395 ros-113.
1247 316 1287 396 65

235 492 380 558 oportere.
423 485 483 562 Isto
511 481 612 555 modo,
634 483 776 559 quoniam
802 482 937 542 homines
965 484 1100 542 mortales
1127 491 1203 556 sunt,
1231 483 1289 543 sint

236 579 324 653 aliqui
347 561 523 650 inmortales,
539 588 568 635 et
589 578 729 653 quoniam
751 588 909 636 nascuntur
931 579 961 637 in
985 588 1068 650 terra,
1084 588 1240 638 nascantur
1259 581 1290 639 in

235 693 321 749 aqua.
331 706 372 717 -
384 676 421 732 Et
435 674 505 750 quia
518 683 585 733 sunt
599 691 675 750 quae
690 674 865 746 interimant,
881 674 937 732 sint
957 693 1033 750 quae
1056 686 1239 735 conservent.
1249 709 1290 720 -

235 771 297 829 Sint
319 789 398 842 sane,
416 770 469 829 sed
491 789 528 829 ea
549 780 731 842 conservent,
749 788 824 845 quae
847 779 933 842 sunt;
956 771 1029 830 deos
1051 771 1123 830 istos
1142 791 1206 831 esse
1229 792 1290 831 non

204 867 337 924 ssentio.
380 866 485 925 Omnis
512 874 612 924 tamen
638 866 694 924 ista
719 885 816 925 rerum
843 866 954 941 effigies
982 885 1019 924 ex
1046 867 1202 927 individuis
1229 881 1334 943 quolto

235 961 326 1020 modo
340 963 511 1037 corporibus
525 963 634 1021 oritur?
654 981 730 1037 quae
752 962 866 1021 etiamsi
887 973 994 1036 essent,
1016 983 1091 1039 quae
1114 964 1193 1022 nulla
1213 974 1288 1037 sunt,

193 1100 195 1104 -
235 1059 342 1134 pellere
365 1078 397 1118 se
424 1059 488 1136 ipsa
513 1069 544 1118 et
566 1060 666 1136 agitari
689 1059 764 1119 inter
788 1077 819 1118 se
844 1078 989 1119 concursu
1014 1062 1135 1120 fortasse
1160 1071 1288 1137 possent,

235 1156 366 1227 formare,
384 1156 516 1232 figurare,
536 1157 676 1228 colorare,
697 1157 826 1216 animare
845 1175 906 1216 non
924 1168 1054 1233 possent.
1096 1159 1186 1216 Nullo
1205 1158 1290 1233 igitur

234 1251 325 1310 modo
349 1252 533 1311 inmortalem
556 1252 648 1311 deum
671 1253 794 1311 efficitis.
834 1253 995 1312 Videamus
1024 1272 1104 1312 nunc
1127 1252 1166 1312 de
1190 1253 1332 1315 beatottt

199 1371 224 1400 ιο
236 1348 303 1406 Sine
323 1348 426 1407 virtute
448 1358 527 1406 certe
548 1349 628 1406 nullo
647 1347 739 1407 modo
749 1368 759 1420 ;
779 1349 868 1406 virtus
889 1358 988 1406 autem
1010 1359 1137 1421 actuosa,
1161 1358 1191 1407 et
1214 1349 1288 1408 deus

234 1452 330 1500 vester
342 1443 414 1501 nihil
428 1462 538 1519 agens;
560 1461 663 1518 expers
677 1443 787 1502 virtutis
801 1443 906 1519 igitur;
928 1444 968 1501 ita
988 1461 1026 1501 ne
1040 1445 1142 1503 beatus
1156 1443 1287 1519 quidem.

236 1537 320 1612 Quae
335 1557 404 1614 ergo
417 1539 513 1598 vitai
537 1539 748 1616 Suppeditatio,
764 1536 868 1616 inquis,
883 1541 1028 1599 bonorum
1047 1540 1126 1599 nullo
1144 1542 1286 1615 malorum
1295 1555 1331 1598 111

235 1634 408 1694 interventu.
452 1635 586 1710 Quorum
610 1636 732 1695 tandem
756 1636 922 1697 bonorum?
961 1637 1162 1712 voluptatum,
1186 1637 1286 1710 cred0,

235 1750 343 1809 nempe
357 1731 397 1791 ad
411 1751 518 1809 corpus
531 1733 760 1810 pertinentium3
780 1717 889 1792 nullam
904 1733 984 1792 enirn
1004 1734 1124 1792 novistis
1145 1734 1200 1793 nisi
1219 1752 1286 1811 pro·

185 1829 343 1889 'reiectam
365 1848 383 1888 a
402 1848 526 1906 corpore
550 1839 581 1888 et
601 1828 775 1889 redeuntem
796 1829 835 1889 ad
857 1848 964 1906 corpus
987 1830 1076 1889 animi
1097 1825 1286 1907 voluptatem.

236 1927 306 1985 Non
325 1927 446 1986 arbitror
463 1927 502 2000 te,
521 1927 623 2000 Vellei,
643 1927 766 2013 similem
785 1945 849 1986 esse
870 1928 1083 2004 Epicureorum
1102 1928 1287 2004 reliquorum,
1304 2004 1307 2010 Ι

236 2043 310 2101 quos
324 2044 383 2084 non
396 2025 508 2103 pudeat
522 2026 706 2101 quarundam
721 2026 842 2101 Epicuri
855 2045 973 2098 vocum,
988 2027 1094 2102 quibus
1108 2027 1155 2084 ille
1169 2035 1289 2085 testatur

236 2139 267 2181 se
287 2139 326 2181 ne
346 2121 513 2199 intellegere
534 2122 656 2198 quidem
676 2122 766 2181 ullum
785 2123 906 2195 bonum,
925 2122 1008 2198 quod
1029 2123 1065 2181 sit
1086 2117 1252 2181 seiunctum
1270 2141 1289 2181 a

236 2219 366 2279 delicatis
380 2229 410 2278 et
423 2219 559 2279 obscenis
573 2219 789 2296 voluptatibus,
810 2237 883 2295 quas
902 2217 1024 2294 quidem
1037 2237 1099 2277 non
1112 2219 1287 2278 erubescens

199 2317 416 2394 ”persequitur
441 2317 535 2376 omnis
560 2316 742 2376 nominatim.
785 2316 884 2390 Quem
909 2316 1009 2376 cibum
1033 2315 1118 2392 igitur
1141 2325 1192 2374 aut
1215 2331 1332 2392 quasin

236 2410 379 2488 potiones
389 2422 439 2472 aut
452 2432 524 2488 quas
538 2432 645 2471 vocum
660 2422 710 2471 aut
724 2412 828 2471 florum
841 2413 994 2472 varietates
1016 2422 1066 2471 aut
1087 2430 1162 2487 quos
1184 2422 1288 2485 tactus,
1329 2457 1331 2461 ,

200 2516 207 2552 ἑ
236 2526 310 2584 quos
323 2508 429 2567 odores
448 2508 601 2568 adhibebis
621 2508 660 2567 ad
681 2508 763 2580 deos,
779 2518 810 2567 ut
832 2506 1060 2585 eos-perfundas
1073 2508 1289 2584 voluptatibus?
1348 2538 1350 2543 ·

237 2605 275 2662 Et
289 2605 394 2679 po'etae
409 2604 529 2679 quidem
547 2602 663 2681 [nectar
682 2603 874 2682 ambrosiam]
893 2603 993 2679 epulas
1014 2614 1175 2679 conparant
1189 2614 1219 2662 et
1239 2614 1289 2663 aut

238 2700 419 2757 Iuventatem
430 2708 479 2757 aut
490 2698 696 2772 Ganymedem
706 2700 814 2773 pocula
824 2699 1043 2770 ministrantem,
1053 2708 1085 2757 tu
1095 2708 1203 2771 autem,
1216 2700 1287 2774 Epi-

199 2812 223 2851 ιε
236 2811 314 2865 cure,
328 2793 400 2867 quid
414 2793 525 2852 iacies?
565 2793 672 2866 Neque
687 2793 775 2864 enim,
789 2793 869 2873 unde
884 2792 989 2851 habeat
1004 2793 1059 2850 ista
1069 2792 1142 2851 deus
1156 2803 1231 2865 tuus,
1246 2794 1286 2851 vi·

236 2888 303 2959 deo,
318 2906 375 2945 nec
388 2905 448 2962 quo
462 2887 553 2947 modo
567 2897 672 2946 utatur.
715 2888 903 2963 Locupletior
917 2888 1003 2964 igitur
1019 2888 1172 2945 homiuum
1185 2897 1288 2946 natura

236 2981 274 3042 ad
294 2983 379 3042 beate
393 2983 550 3041 vivendum
567 2991 612 3040 est
625 3001 714 3059 quam
736 2983 868 3056 deorum,
883 2981 965 3059 quod
986 2983 1114 3058 pluribus
1132 2982 1287 3058 generibus

235 3078 334 3137 fruitur
357 3078 547 3154 voluptatum.
588 3079 626 3137 At
654 3078 706 3138 has
732 3079 855 3138 leviores
880 3078 964 3137 ducis
987 3078 1160 3153 voluptates,
1182 3078 1331 3153 quibusna

235 3175 318 3251 quasi
332 3175 453 3233 titillatio
468 3174 604 3252 (Epicuri
614 3175 693 3234 enim
707 3174 765 3235 hoc
775 3177 896 3236 verbum
908 3176 967 3249 est)
980 3173 1136 3233 adhibetur
1145 3174 1286 3233 sensibus.

199 3242 398 3361 aoQuqbsque
419 3271 516 3331 ludis?
557 3273 636 3332 Nam
659 3272 746 3331 etiam
770 3272 853 3332 Philo
875 3281 974 3333 noster
995 3271 1068 3329 serre
1090 3289 1152 3330 non
1173 3280 1288 3347 poterat

236 3368 382 3444 aspernari
398 3368 559 3443 Epicureos
573 3369 667 3428 mollis
682 3379 712 3428 et
725 3369 865 3428 delicatas
879 3369 1062 3444 voluptates3
1084 3387 1199 3426 summa
1209 3367 1288 3425 enim

237 3463 378 3521 memoria
391 3464 595 3538 pronuntiabat
609 3464 747 3539 plurimas
760 3464 880 3540 Epicuri
890 3465 1048 3523 sententias
1059 3464 1093 3521 iis
1104 3464 1173 3538 ipsis
1184 3463 1287 3534 verbis,

236 3559 341 3634 quibus
356 3568 437 3618 erant
450 3559 594 3634 scriptae3
617 3559 780 3618 Metrodori
798 3578 877 3631 vero,
899 3560 950 3635 qui
971 3570 1015 3619 est
1036 3559 1156 3634 Epicuri
1177 3558 1288 3634 collega

236 3655 404 3730 sapientiae,
419 3655 510 3712 multa
533 3654 738 3730 inpudentiora
760 3655 918 3728 recitabat;
949 3665 1067 3713 accusat
1091 3656 1170 3714 enim
1188 3655 1288 3714 Timo-

199 3762 355 3824 aretatem,
377 3751 492 3809 fratrem
514 3769 608 3826 suum,
630 3751 828 3826 Metrodorus,
847 3749 929 3829 quod
950 3750 1063 3810 dubitet
1083 3752 1191 3825 omnia,
1213 3769 1288 3828 quae
