2932 4364
146 349 188 410 86
473 365 522 414 ns
541 364 686 414 unauna
710 364 870 416 osorton.

145 535 234 593 quam
247 518 299 577 diu
312 528 445 578 remanet
459 519 489 577 in
503 519 598 591 nobis,
613 527 673 578 tam
688 518 739 577 diu
753 537 854 578 sensus
869 527 899 578 et
911 519 971 579 vita
983 531 1134 594 remanet3
1155 539 1199 580 re·

144 615 278 691 frigerato
293 626 392 675 autern
406 626 437 675 et
450 616 580 675 extincto
594 617 690 675 calore
705 611 869 676 occidimus
883 619 937 694 ipsi
952 628 981 676 et
995 619 1200 694 extinguimur.

106 726 131 767 rt
145 712 237 787 Quod
250 714 371 790 quidem
386 712 544 772 Cleanthes
565 714 609 772 his
630 715 717 772 etiarn
732 716 908 789 argumentis
922 714 1021 787 docet,
1037 718 1201 790 quantavis

143 809 211 866 insit
226 808 329 867 caloris
344 810 373 867 in
388 811 470 868 omni
484 827 626 885 corpore:
649 819 737 884 negat
751 811 829 867 enim
844 827 907 867 esse
922 810 1013 867 ullum
1027 811 1125 868 cibum
1140 821 1200 869 tam

143 922 271 978 gravem,
299 906 369 980 quin
397 907 421 964 is
449 917 537 964 nocte
562 915 592 963 et
619 905 667 985 die
695 917 917 981 concoquatur;
946 906 1028 963 cuius
1055 907 1143 964 etiam
1171 908 1232 965 ins

143 1001 271 1076 reliquiis
285 1002 361 1061 inest
375 1003 454 1060 calor
467 1003 510 1075 iis,
525 1020 598 1078 quas
618 1012 721 1061 natura
740 1003 891 1078 respuerit.
933 1002 1002 1062 larn⁴
1018 1019 1088 1060 vero
1108 1021 1200 1062 venae
1245 1031 1250 1041 ’

145 1107 175 1157 et
200 1099 321 1158 arteriae
345 1100 454 1160 micare
478 1119 540 1159 non
562 1099 700 1159 desinunt
724 1100 807 1176 quasi
835 1098 966 1174 quodam
994 1099 1081 1175 igneo
1109 1110 1200 1172 motu,

144 1195 438 1273 animadversumque
476 1216 565 1274 saepe
603 1208 656 1270 est,
695 1216 764 1255 cum
800 1214 853 1255 cor
889 1197 1045 1255 animantis
1081 1197 1201 1255 alienius

145 1293 276 1352 evolsum
297 1295 337 1352 ita
356 1294 502 1355 mobiliter
521 1296 683 1372 palpitaret,
711 1304 744 1352 ut
771 1294 931 1352 imitaretur
957 1294 1074 1369 igneam
1100 1294 1200 1352 celeri-

145 1400 244 1450 tatem.
287 1392 385 1451 Omne
399 1393 493 1467 igitur,
508 1391 589 1467 quod
603 1393 680 1463 vivit,
695 1392 755 1450 sive
775 1391 883 1450 anirnal
903 1391 963 1449 sive
983 1401 1060 1449 terra
1079 1391 1200 1463 editum,
1215 1414 1240 1441 ιο

132 1487 176 1564 ‚id
199 1488 269 1547 vivit
291 1499 412 1565 propter
434 1488 579 1546 inclusum
606 1488 636 1546 in
664 1506 701 1546 eo
730 1489 868 1547 calorem.
913 1489 959 1546 Ex
985 1506 1046 1562 quo
1073 1488 1200 1565 intellegi

145 1582 235 1643 debet
249 1603 314 1643 eam
329 1586 432 1643 caloris
446 1596 578 1644 naturam
593 1586 651 1642 virn
666 1585 773 1643 habere
791 1585 822 1644 in
836 1604 867 1644 se
882 1585 1000 1643 vitalem
1014 1603 1068 1660 per
1081 1604 1200 1644 omnem

106 1695 132 1734 2⁵
145 1683 289 1740 mundum
302 1685 507 1758 pertinentem.
548 1685 644 1756 Atque
660 1681 691 1739 id
705 1682 816 1740 facilius
835 1692 1074 1759 cernemus‚toto
1093 1701 1201 1758 genere

117 1778 203 1836 *thoe
230 1779 327 1854 igneo,
356 1778 438 1853 quod
464 1788 559 1836 tranat
586 1779 694 1850 omnia,
723 1779 854 1837 subtilius
882 1779 1036 1854 explicato.
1066 1778 1201 1838 ·Otnnes

145 1875 231 1952 igitur
244 1861 353 1952 partes
381 1874 484 1934 mundi
516 1876 649 1951 (tangam
677 1885 776 1934 autem
800 1873 956 1952 maximas)
989 1875 1086 1934 calore
1110 1876 1198 1934 fultae
1213 1897 1237 1936 ις

146 1973 330 2032 sustinentur.
372 1972 463 2048 Quod
485 1972 611 2048 primurn
635 1973 666 2031 in
690 1982 804 2030 terrena
823 1983 927 2031 natura
946 1973 1073 2049 perspici
1093 1983 1200 2048 potest.

147 2070 225 2128 Nam
250 2079 279 2128 et
303 2069 434 2146 lapidum
457 2069 596 2127 conflictu
617 2079 705 2144 atque
724 2070 791 2128 tritu
812 2069 878 2127 elici
898 2069 997 2144 ignem
1017 2066 1150 2128 videmus
1171 2079 1201 2128 et

76 2210 79 2214 -
145 2168 257 2226 recenti
269 2168 397 2226 fossione
411 2177 515 2224 terram
529 2167 640 2224 turnare
654 2167 809 2239 calentem,
830 2176 918 2241 atque
939 2167 1028 2225 etiam
1049 2184 1086 2224 ex
1106 2167 1200 2243 puteis

146 2263 260 2338 iugibus
285 2281 392 2338 aquarn
416 2261 541 2319 calidam
564 2261 647 2334 trahi,
672 2271 703 2321 et
726 2261 758 2320 id
780 2262 906 2320 maxime
933 2262 996 2320 lieri
1019 2263 1201 2338 temporibus

145 2359 283 2431 hibernis,
308 2357 390 2433 quod
413 2376 521 2433 magna
543 2358 586 2416 vis
611 2367 704 2416 terrae
732 2359 861 2416 cavernis
889 2358 1074 2416 contineatur
1097 2359 1200 2417 caloris
1213 2386 1240 2413 ω

85 2474 240 2532 eaque
254 2456 351 2514 hieme
366 2456 402 2513 sit
416 2453 535 2512 densior
548 2454 588 2513 ob
602 2472 728 2535 eamque
742 2473 861 2513 causam
882 2455 1039 2514 calorem
1031 2456 1150 2514 insitum
1170 2455 1201 2514 in

103 2534 229 2642 ¹⁰terris
253 2554 402 2613 contineat
425 2553 522 2612 artius.
565 2553 668 2630 Longa
691 2562 735 2611 est
759 2554 852 2612 oratio
874 2554 1042 2630 multaeque
1063 2554 1199 2626 rationes,

108 2601 251 2730 2⁰quibus
265 2651 366 2711 doceri
378 2651 471 2727 possit
484 2651 592 2723 omnia,
607 2669 684 2726 quae
703 2660 778 2709 terra
798 2652 947 2727 concipiat
967 2652 1088 2724 semina,
1111 2670 1199 2728 quae-

146 2770 204 2827 que
219 2751 282 2827 ipsa
295 2767 333 2807 ex
346 2767 377 2807 se
394 2759 532 2824 generata
552 2748 687 2824 stirpibus
708 2748 798 2816 infixa
818 2749 977 2822 contineat,
999 2767 1035 2808 ea
1055 2759 1200 2826 tempera·

146 2851 225 2908 tione
261 2846 365 2905 caloris
401 2854 432 2904 et
464 2846 530 2904 oriri
563 2855 593 2904 et
630 2864 797 2922 augescere.
848 2848 945 2922 Atque
982 2865 1075 2922 aquae
1112 2848 1199 2906 etiam
1212 2876 1237 2916 ις

147 2946 309 3004 admixtum
329 2961 393 3001 esse
414 2942 543 3000 calorem
564 2943 690 3018 primurn
704 2943 767 3018 ipse
788 2943 884 3018 liquor
903 2962 997 3018 aquae
1022 2943 1151 3002 declarat
1171 2955 1200 3002 et

146 3043 229 3113 fusio,
245 3059 320 3115 quae
334 3057 432 3114 neque
446 3039 641 3114 conglaciaret
661 3039 813 3114 frigoribus
833 3058 931 3116 neque
952 3041 1018 3099 nive
1039 3040 1200 3117 pruinaque

105 3169 120 3196 η
147 3146 359 3206 concresceret,
373 3135 428 3193 nisi
442 3135 549 3193 eadem
562 3153 594 3193 se
608 3133 739 3193 admixto
753 3136 849 3194 calore
863 3136 1020 3211 liquefacta
1038 3146 1067 3195 et
1088 3136 1201 3212 dilapsa

146 3233 331 3294 diffunderet.
374 3233 477 3307 Itaque
505 3241 536 3290 et
557 3232 740 3306 aquilonibus
767 3233 943 3308 reliquisque
971 3233 1124 3308 frigoribus
1148 3233 1200 3291 ad-

146 3333 260 3390 strictus
282 3329 409 3387 durescit
429 3346 522 3399 umor,
544 3340 573 3386 et
594 3328 674 3387 idem
694 3329 821 3387 vicissim
842 3329 969 3387 mollitur
988 3329 1150 3405 tepefactus
1171 3341 1201 3389 et
1214 3359 1239 3396 ³0

145 3427 269 3486 tabescit
282 3426 388 3484 calore.
430 3425 526 3500 Atque
542 3425 629 3482 etiarn
644 3426 734 3483 maria
748 3426 855 3500 agitata
868 3428 961 3484 ventis
978 3428 1018 3484 ita
1036 3437 1200 3502 tepescunt,

145 3536 178 3584 ut
199 3524 325 3598 intellegi
346 3522 429 3580 facile
451 3523 543 3597 possit
563 3523 593 3580 in
615 3524 701 3585 tantis
725 3523 778 3582 illis
801 3523 950 3581 umoribus
970 3541 1033 3581 esse
1056 3524 1200 3582 inclusum

146 3622 283 3680 calorem.
326 3622 392 3679 Nec
411 3621 490 3678 enirn
508 3620 555 3678 ille
575 3631 710 3679 externus
731 3634 761 3678 et
781 3621 962 3679 adventicius
984 3620 1137 3680 habendus
1158 3633 1201 3679 est

145 3703 239 3794 tepor,
256 3716 311 3775 sed
330 3735 367 3774 ex
384 3717 492 3775 intimis
513 3717 599 3774 maris
620 3717 748 3791 partibus
769 3718 925 3792 agitatione
947 3719 1097 3790 excitatus,
1119 3718 1200 3792 quod

146 3816 251 3873 nostris
265 3831 384 3888 quoque
400 3813 571 3887 corporibus
585 3812 736 3888 contingit,
758 3831 827 3870 curn
848 3824 929 3871 motu
951 3824 1039 3888 atque
1060 3815 1199 3871 exercita·
1214 3840 1238 3878 25
