<?xml version="1.0" encoding="UTF-8"?>
<!DOCTYPE html PUBLIC "-//W3C//DTD XHTML 1.0 Transitional//EN"
    "http://www.w3.org/TR/xhtml1/DTD/xhtml1-transitional.dtd">
<html xmlns="http://www.w3.org/1999/xhtml" xml:lang="en" lang="en">
 <head>
  <title>
</title>
<meta http-equiv="Content-Type" content="text/html;charset=utf-8" />
  <meta name='ocr-system' content='tesseract 3.04.00' />
  <meta name='ocr-capabilities' content='ocr_page ocr_carea ocr_par ocr_line ocrx_word'/>
</head>
<body>
  <div class='ocr_page' id='page_1' title='image "./mtulliiciceroni02schgoog/mtulliiciceroni02schgoog_0073.png"; bbox 0 0 2932 4364; ppageno 0'>
   <div class='ocr_carea' id='block_1_1' title="bbox 179 351 907 422">
    <p class='ocr_par' dir='ltr' id='par_1_1' title="bbox 179 351 907 422">
     <span class='ocr_line' id='line_1_1' title="bbox 179 351 907 422; baseline 0.008 -9"><span class='ocrx_word' id='word_1_1' title='bbox 179 351 223 413; x_wconf 89' lang='lat'>60</span> <span class='ocrx_word' id='word_1_2' title='bbox 509 369 557 418; x_wconf 84' lang='lat' dir='ltr'>on</span> <span class='ocrx_word' id='word_1_3' title='bbox 579 370 725 420; x_wconf 80' lang='lat' dir='ltr'>unrunn</span> <span class='ocrx_word' id='word_1_4' title='bbox 747 370 907 422; x_wconf 77' lang='lat' dir='ltr'>onolton.</span> 
     </span>
    </p>
   </div>
   <div class='ocr_carea' id='block_1_2' title="bbox 76 519 1285 3877">
    <p class='ocr_par' dir='ltr' id='par_1_2' title="bbox 76 519 1285 3877">
     <span class='ocr_line' id='line_1_2' title="bbox 179 519 1231 600; baseline 0.004 -22"><span class='ocrx_word' id='word_1_5' title='bbox 179 519 279 578; x_wconf 92' lang='lat' dir='ltr'>hortus</span> <span class='ocrx_word' id='word_1_6' title='bbox 293 519 394 580; x_wconf 81' lang='lat' dir='ltr'>habuit</span> <span class='ocrx_word' id='word_1_7' title='bbox 415 521 557 580; x_wconf 86' lang='lat' dir='ltr'>licentiae.</span> <span class='ocrx_word' id='word_1_8' title='bbox 601 523 640 581; x_wconf 86' lang='lat' dir='ltr'>Et</span> <span class='ocrx_word' id='word_1_9' title='bbox 660 523 758 582; x_wconf 90' lang='lat' dir='ltr'>soletis</span> <span class='ocrx_word' id='word_1_10' title='bbox 778 523 859 599; x_wconf 90' lang='lat' dir='ltr'>queri</span> <span class='ocrx_word' id='word_1_11' title='bbox 870 545 878 596; x_wconf 92' lang='lat'>;</span> <span class='ocrx_word' id='word_1_12' title='bbox 900 525 980 583; x_wconf 84' lang='lat' dir='ltr'>Zeno</span> <span class='ocrx_word' id='word_1_13' title='bbox 1002 523 1231 600; x_wconf 89' lang='lat' dir='ltr'>quidemetiam</span> 
     </span>
     <span class='ocr_line' id='line_1_3' title="bbox 177 616 1230 696; baseline 0.005 -22"><span class='ocrx_word' id='word_1_14' title='bbox 177 616 316 692; x_wconf 89' lang='lat' dir='ltr'>litigabat.</span> <span class='ocrx_word' id='word_1_15' title='bbox 359 617 439 692; x_wconf 90' lang='lat' dir='ltr'><strong>Quid</strong></span> <span class='ocrx_word' id='word_1_16' title='bbox 454 617 551 676; x_wconf 90' lang='lat' dir='ltr'>dicam</span> <span class='ocrx_word' id='word_1_17' title='bbox 567 619 743 679; x_wconf 85' lang='lat' dir='ltr'>Albucium?</span> <span class='ocrx_word' id='word_1_18' title='bbox 784 621 862 678; x_wconf 94' lang='lat' dir='ltr'>Nam</span> <span class='ocrx_word' id='word_1_19' title='bbox 877 619 1011 679; x_wconf 91' lang='lat' dir='ltr'>Phaedro</span> <span class='ocrx_word' id='word_1_20' title='bbox 1026 620 1097 679; x_wconf 90' lang='lat' dir='ltr'>nihil</span> <span class='ocrx_word' id='word_1_21' title='bbox 1114 621 1230 696; x_wconf 84' lang='lat' dir='ltr'>elegan-</span> 
     </span>
     <span class='ocr_line' id='line_1_4' title="bbox 91 713 1230 793; baseline 0.003 -22"><span class='ocrx_word' id='word_1_22' title='bbox 91 731 93 736; x_wconf 87' lang='lat'>·</span> <span class='ocrx_word' id='word_1_23' title='bbox 178 714 244 785; x_wconf 92' lang='lat' dir='ltr'>tius,</span> <span class='ocrx_word' id='word_1_24' title='bbox 267 713 337 771; x_wconf 84' lang='lat' dir='ltr'>nihil</span> <span class='ocrx_word' id='word_1_25' title='bbox 358 715 513 773; x_wconf 86' lang='lat' dir='ltr'>humanius</span> <span class='ocrx_word' id='word_1_26' title='bbox 524 735 532 786; x_wconf 92' lang='lat'>;</span> <span class='ocrx_word' id='word_1_27' title='bbox 558 716 611 773; x_wconf 91' lang='lat' dir='ltr'>sed</span> <span class='ocrx_word' id='word_1_28' title='bbox 633 716 869 775; x_wconf 86' lang='lat' dir='ltr'>stomachabatur</span> <span class='ocrx_word' id='word_1_29' title='bbox 889 735 987 788; x_wconf 87' lang='lat' dir='ltr'>senex,</span> <span class='ocrx_word' id='word_1_30' title='bbox 1009 717 1033 774; x_wconf 93' lang='lat' dir='ltr'>si</span> <span class='ocrx_word' id='word_1_31' title='bbox 1055 717 1126 793; x_wconf 93' lang='lat' dir='ltr'>quid</span> <span class='ocrx_word' id='word_1_32' title='bbox 1147 735 1230 792; x_wconf 90' lang='lat' dir='ltr'>aspe-</span> 
     </span>
     <span class='ocr_line' id='line_1_5' title="bbox 178 810 1229 886; baseline 0.003 -19"><span class='ocrx_word' id='word_1_33' title='bbox 178 811 236 869; x_wconf 90' lang='lat' dir='ltr'>rius</span> <span class='ocrx_word' id='word_1_34' title='bbox 264 810 405 881; x_wconf 87' lang='lat' dir='ltr'>dixeram,</span> <span class='ocrx_word' id='word_1_35' title='bbox 429 828 498 868; x_wconf 89' lang='lat' dir='ltr'>cum</span> <span class='ocrx_word' id='word_1_36' title='bbox 527 812 672 886; x_wconf 86' lang='lat' dir='ltr'>Epicurus</span> <span class='ocrx_word' id='word_1_37' title='bbox 699 813 884 871; x_wconf 87' lang='lat' dir='ltr'>Aristotelem</span> <span class='ocrx_word' id='word_1_38' title='bbox 905 814 1017 871; x_wconf 74' lang='lat' dir='ltr'>&#39;vexarit</span> <span class='ocrx_word' id='word_1_39' title='bbox 1038 814 1229 871; x_wconf 89' lang='lat' dir='ltr'>contumelio·</span> 
     </span>
     <span class='ocr_line' id='line_1_6' title="bbox 179 905 1262 982; baseline 0.001 -18"><span class='ocrx_word' id='word_1_40' title='bbox 179 907 301 980; x_wconf 89' lang='lat' dir='ltr'>sissime,</span> <span class='ocrx_word' id='word_1_41' title='bbox 317 905 469 964; x_wconf 89' lang='lat' dir='ltr'>Phaedoni</span> <span class='ocrx_word' id='word_1_42' title='bbox 489 907 639 965; x_wconf 90' lang='lat' dir='ltr'>Socratico</span> <span class='ocrx_word' id='word_1_43' title='bbox 661 908 824 982; x_wconf 87' lang='lat' dir='ltr'>turpissime</span> <span class='ocrx_word' id='word_1_44' title='bbox 839 908 914 964; x_wconf 90' lang='lat' dir='ltr'>male</span> <span class='ocrx_word' id='word_1_45' title='bbox 929 907 1229 979; x_wconf 58' lang='lat' dir='ltr'>dixerit,&#39;Metrodori,</span> <span class='ocrx_word' id='word_1_46' title='bbox 1251 927 1262 965; x_wconf 81' lang='lat' dir='ltr'>s</span> 
     </span>
     <span class='ocr_line' id='line_1_7' title="bbox 179 1003 1231 1079; baseline 0.001 -18"><span class='ocrx_word' id='word_1_47' title='bbox 179 1003 286 1061; x_wconf 93' lang='lat' dir='ltr'>sodalis</span> <span class='ocrx_word' id='word_1_48' title='bbox 300 1004 353 1075; x_wconf 93' lang='lat' dir='ltr'>sui,</span> <span class='ocrx_word' id='word_1_49' title='bbox 368 1003 493 1073; x_wconf 82' lang='lat' dir='ltr'>fratrem,</span> <span class='ocrx_word' id='word_1_50' title='bbox 507 1003 704 1075; x_wconf 88' lang='lat' dir='ltr'>Timocraten,</span> <span class='ocrx_word' id='word_1_51' title='bbox 719 1005 787 1079; x_wconf 93' lang='lat' dir='ltr'>quia</span> <span class='ocrx_word' id='word_1_52' title='bbox 801 1005 902 1062; x_wconf 91' lang='lat' dir='ltr'>nescio</span> <span class='ocrx_word' id='word_1_53' title='bbox 916 1003 988 1079; x_wconf 91' lang='lat' dir='ltr'>quid</span> <span class='ocrx_word' id='word_1_54' title='bbox 1002 1005 1032 1061; x_wconf 95' lang='lat' dir='ltr'>in</span> <span class='ocrx_word' id='word_1_55' title='bbox 1046 1004 1231 1079; x_wconf 87' lang='lat' dir='ltr'>philosophia</span> 
     </span>
     <span class='ocr_line' id='line_1_8' title="bbox 180 1099 1228 1175; baseline 0.001 -19"><span class='ocrx_word' id='word_1_56' title='bbox 180 1099 352 1170; x_wconf 90' lang='lat' dir='ltr'>dissentiret,</span> <span class='ocrx_word' id='word_1_57' title='bbox 367 1100 434 1157; x_wconf 93' lang='lat' dir='ltr'>totis</span> <span class='ocrx_word' id='word_1_58' title='bbox 448 1099 644 1157; x_wconf 90' lang='lat' dir='ltr'>voluminibus</span> <span class='ocrx_word' id='word_1_59' title='bbox 662 1099 832 1170; x_wconf 89' lang='lat' dir='ltr'>conciderit,</span> <span class='ocrx_word' id='word_1_60' title='bbox 847 1100 877 1157; x_wconf 92' lang='lat' dir='ltr'>in</span> <span class='ocrx_word' id='word_1_61' title='bbox 899 1100 1102 1158; x_wconf 87' lang='lat' dir='ltr'>Democritum</span> <span class='ocrx_word' id='word_1_62' title='bbox 1124 1101 1228 1175; x_wconf 90' lang='lat' dir='ltr'>ipsum,</span> 
     </span>
     <span class='ocr_line' id='line_1_9' title="bbox 179 1182 1229 1270; baseline 0.001 -17"><span class='ocrx_word' id='word_1_63' title='bbox 179 1188 269 1270; x_wconf 86' lang='lat' dir='ltr'>quern</span> <span class='ocrx_word' id='word_1_64' title='bbox 299 1205 416 1254; x_wconf 92' lang='lat' dir='ltr'>secutus</span> <span class='ocrx_word' id='word_1_65' title='bbox 445 1182 511 1266; x_wconf 61' lang='lat' dir='ltr'>est,</span> <span class='ocrx_word' id='word_1_66' title='bbox 527 1194 611 1252; x_wconf 83' lang='lat' dir='ltr'>fuerit</span> <span class='ocrx_word' id='word_1_67' title='bbox 644 1195 780 1270; x_wconf 77' lang='lat' dir='ltr'>ingratuS,</span> <span class='ocrx_word' id='word_1_68' title='bbox 809 1195 1030 1270; x_wconf 89' lang='lat' dir='ltr'>Nausiphanen,</span> <span class='ocrx_word' id='word_1_69' title='bbox 1062 1197 1229 1270; x_wconf 89' lang='lat' dir='ltr'>magistrum</span> 
     </span>
     <span class='ocr_line' id='line_1_10' title="bbox 134 1289 1229 1378; baseline -0.001 -28"><span class='ocrx_word' id='word_1_70' title='bbox 134 1298 273 1362; x_wconf 67' lang='lat' dir='ltr'>assuunt,</span> <span class='ocrx_word' id='word_1_71' title='bbox 296 1309 314 1349; x_wconf 95' lang='lat' dir='ltr'>a</span> <span class='ocrx_word' id='word_1_72' title='bbox 334 1309 395 1367; x_wconf 93' lang='lat' dir='ltr'>quo</span> <span class='ocrx_word' id='word_1_73' title='bbox 406 1289 480 1378; x_wconf 66' lang='lat' dir='ltr'>beor]</span> <span class='ocrx_word' id='word_1_74' title='bbox 499 1291 571 1348; x_wconf 90' lang='lat' dir='ltr'>nihil</span> <span class='ocrx_word' id='word_1_75' title='bbox 593 1289 745 1362; x_wconf 86' lang='lat' dir='ltr'>didicerat,</span> <span class='ocrx_word' id='word_1_76' title='bbox 770 1300 829 1348; x_wconf 92' lang='lat' dir='ltr'>tam</span> <span class='ocrx_word' id='word_1_77' title='bbox 853 1291 928 1348; x_wconf 90' lang='lat' dir='ltr'>male</span> <span class='ocrx_word' id='word_1_78' title='bbox 951 1293 1107 1367; x_wconf 90' lang='lat' dir='ltr'>acceperit.</span> <span class='ocrx_word' id='word_1_79' title='bbox 1149 1293 1229 1349; x_wconf 87' lang='lat' dir='ltr'>Zeno</span> 
     </span>
     <span class='ocr_line' id='line_1_11' title="bbox 164 1386 1269 1462; baseline 0.001 -18"><span class='ocrx_word' id='word_1_80' title='bbox 164 1387 299 1461; x_wconf 51' lang='lat' dir='ltr'>*quidem</span> <span class='ocrx_word' id='word_1_81' title='bbox 321 1406 382 1445; x_wconf 91' lang='lat' dir='ltr'>non</span> <span class='ocrx_word' id='word_1_82' title='bbox 404 1405 456 1445; x_wconf 92' lang='lat' dir='ltr'>eos</span> <span class='ocrx_word' id='word_1_83' title='bbox 477 1387 582 1457; x_wconf 90' lang='lat' dir='ltr'>solum,</span> <span class='ocrx_word' id='word_1_84' title='bbox 605 1386 654 1461; x_wconf 92' lang='lat' dir='ltr'>qui</span> <span class='ocrx_word' id='word_1_85' title='bbox 679 1395 741 1444; x_wconf 90' lang='lat' dir='ltr'>tum</span> <span class='ocrx_word' id='word_1_86' title='bbox 766 1397 856 1458; x_wconf 89' lang='lat' dir='ltr'>erant,</span> <span class='ocrx_word' id='word_1_87' title='bbox 881 1387 1103 1462; x_wconf 85' lang='lat' dir='ltr'>Apollodorum,</span> <span class='ocrx_word' id='word_1_88' title='bbox 1129 1387 1228 1459; x_wconf 85' lang='lat' dir='ltr'>Siluin,</span> <span class='ocrx_word' id='word_1_89' title='bbox 1245 1412 1269 1438; x_wconf 87' lang='grc' dir='ltr'>ιο</span> 
     </span>
     <span class='ocr_line' id='line_1_12' title="bbox 178 1481 1228 1559; baseline 0 -19"><span class='ocrx_word' id='word_1_90' title='bbox 178 1491 301 1556; x_wconf 89' lang='lat' dir='ltr'>ceteros,</span> <span class='ocrx_word' id='word_1_91' title='bbox 323 1484 430 1558; x_wconf 89' lang='lat' dir='ltr'>figebat</span> <span class='ocrx_word' id='word_1_92' title='bbox 452 1481 623 1553; x_wconf 90' lang='lat' dir='ltr'>maledictis,</span> <span class='ocrx_word' id='word_1_93' title='bbox 638 1481 692 1540; x_wconf 92' lang='lat' dir='ltr'>sed</span> <span class='ocrx_word' id='word_1_94' title='bbox 713 1482 852 1540; x_wconf 83' lang='lat' dir='ltr'>Socraten</span> <span class='ocrx_word' id='word_1_95' title='bbox 873 1483 978 1558; x_wconf 88' lang='lat' dir='ltr'>ipsum,</span> <span class='ocrx_word' id='word_1_96' title='bbox 992 1493 1144 1558; x_wconf 89' lang='lat' dir='ltr'>parentem</span> <span class='ocrx_word' id='word_1_97' title='bbox 1165 1483 1228 1559; x_wconf 93' lang='lat' dir='ltr'>phi-</span> 
     </span>
     <span class='ocr_line' id='line_1_13' title="bbox 76 1579 1229 1655; baseline -0.001 -16"><span class='ocrx_word' id='word_1_98' title='bbox 76 1625 77 1629; x_wconf 65' lang='lat'>,</span> <span class='ocrx_word' id='word_1_99' title='bbox 177 1580 337 1655; x_wconf 90' lang='lat' dir='ltr'>losophiae,</span> <span class='ocrx_word' id='word_1_100' title='bbox 353 1580 457 1638; x_wconf 87' lang='lat' dir='ltr'>Latino</span> <span class='ocrx_word' id='word_1_101' title='bbox 478 1579 569 1638; x_wconf 88' lang='lat' dir='ltr'>verbo</span> <span class='ocrx_word' id='word_1_102' title='bbox 590 1590 674 1638; x_wconf 89' lang='lat' dir='ltr'>utens</span> <span class='ocrx_word' id='word_1_103' title='bbox 695 1597 823 1637; x_wconf 89' lang='lat' dir='ltr'>scurram</span> <span class='ocrx_word' id='word_1_104' title='bbox 843 1579 972 1637; x_wconf 78' lang='lat' dir='ltr'>Atticum</span> <span class='ocrx_word' id='word_1_105' title='bbox 993 1579 1081 1638; x_wconf 86' lang='lat' dir='ltr'>fuisse</span> <span class='ocrx_word' id='word_1_106' title='bbox 1102 1579 1229 1651; x_wconf 88' lang='lat' dir='ltr'>dicebat,</span> 
     </span>
     <span class='ocr_line' id='line_1_14' title="bbox 139 1676 1229 1753; baseline -0.001 -17"><span class='ocrx_word' id='word_1_107' title='bbox 139 1687 165 1728; x_wconf 69' lang='lat' dir='ltr'>tl</span> <span class='ocrx_word' id='word_1_108' title='bbox 179 1677 374 1753; x_wconf 82' lang='lat' dir='ltr'>Chrysippum</span> <span class='ocrx_word' id='word_1_109' title='bbox 389 1695 549 1752; x_wconf 88' lang='lat' dir='ltr'>numquam</span> <span class='ocrx_word' id='word_1_110' title='bbox 563 1676 619 1734; x_wconf 90' lang='lat' dir='ltr'>nisi</span> <span class='ocrx_word' id='word_1_111' title='bbox 633 1676 826 1752; x_wconf 87' lang='lat' dir='ltr'>Chrysippam</span> <span class='ocrx_word' id='word_1_112' title='bbox 840 1676 983 1748; x_wconf 82' lang='lat' dir='ltr'>vocabat3</span> <span class='ocrx_word' id='word_1_113' title='bbox 1005 1686 1036 1734; x_wconf 93' lang='lat' dir='ltr'>tu</span> <span class='ocrx_word' id='word_1_114' title='bbox 1058 1677 1120 1752; x_wconf 90' lang='lat' dir='ltr'>ipse</span> <span class='ocrx_word' id='word_1_115' title='bbox 1142 1679 1229 1753; x_wconf 92' lang='lat' dir='ltr'>paulo</span> 
     </span>
     <span class='ocr_line' id='line_1_15' title="bbox 177 1772 1242 1848; baseline -0.002 -16"><span class='ocrx_word' id='word_1_116' title='bbox 177 1785 245 1832; x_wconf 91' lang='lat' dir='ltr'>ante</span> <span class='ocrx_word' id='word_1_117' title='bbox 261 1793 329 1833; x_wconf 91' lang='lat' dir='ltr'>curn</span> <span class='ocrx_word' id='word_1_118' title='bbox 350 1785 499 1848; x_wconf 91' lang='lat' dir='ltr'>tamquam</span> <span class='ocrx_word' id='word_1_119' title='bbox 521 1783 655 1831; x_wconf 90' lang='lat' dir='ltr'>senatum</span> <span class='ocrx_word' id='word_1_120' title='bbox 674 1772 917 1848; x_wconf 92' lang='lat' dir='ltr'>philosophorum</span> <span class='ocrx_word' id='word_1_121' title='bbox 938 1773 1083 1845; x_wconf 90' lang='lat' dir='ltr'>recitares,</span> <span class='ocrx_word' id='word_1_122' title='bbox 1098 1791 1242 1832; x_wconf 76' lang='lat' dir='ltr'>summos,</span> 
     </span>
     <span class='ocr_line' id='line_1_16' title="bbox 176 1868 1285 1947; baseline -0.003 -18"><span class='ocrx_word' id='word_1_123' title='bbox 176 1872 252 1929; x_wconf 93' lang='lat' dir='ltr'>viros</span> <span class='ocrx_word' id='word_1_124' title='bbox 280 1871 422 1947; x_wconf 90' lang='lat' dir='ltr'>desipere,</span> <span class='ocrx_word' id='word_1_125' title='bbox 447 1869 578 1942; x_wconf 91' lang='lat' dir='ltr'>delirare,</span> <span class='ocrx_word' id='word_1_126' title='bbox 605 1868 750 1927; x_wconf 88' lang='lat' dir='ltr'>dementis</span> <span class='ocrx_word' id='word_1_127' title='bbox 778 1887 842 1927; x_wconf 90' lang='lat' dir='ltr'>esse</span> <span class='ocrx_word' id='word_1_128' title='bbox 858 1869 999 1927; x_wconf 89' lang='lat' dir='ltr'>dicebas.</span> <span class='ocrx_word' id='word_1_129' title='bbox 1042 1869 1176 1943; x_wconf 92' lang='lat' dir='ltr'>Quorum</span> <span class='ocrx_word' id='word_1_130' title='bbox 1204 1872 1227 1929; x_wconf 95' lang='lat' dir='ltr'>si</span> <span class='ocrx_word' id='word_1_131' title='bbox 1242 1898 1285 1939; x_wconf 68' lang='grc' dir='ltr'>ιςΙ</span> 
     </span>
     <span class='ocr_line' id='line_1_17' title="bbox 177 1966 1228 2040; baseline -0.001 -12"><span class='ocrx_word' id='word_1_132' title='bbox 177 1987 266 2028; x_wconf 90' lang='lat' dir='ltr'>nemo</span> <span class='ocrx_word' id='word_1_133' title='bbox 280 1988 380 2028; x_wconf 90' lang='lat' dir='ltr'>verum</span> <span class='ocrx_word' id='word_1_134' title='bbox 394 1968 466 2028; x_wconf 90' lang='lat' dir='ltr'>vidit</span> <span class='ocrx_word' id='word_1_135' title='bbox 479 1967 635 2027; x_wconf 88' lang='lat' dir='ltr'>denatura</span> <span class='ocrx_word' id='word_1_136' title='bbox 648 1966 782 2039; x_wconf 88' lang='lat' dir='ltr'>deorum,</span> <span class='ocrx_word' id='word_1_137' title='bbox 796 1966 957 2026; x_wconf 92' lang='lat' dir='ltr'>verendum</span> <span class='ocrx_word' id='word_1_138' title='bbox 972 1977 1024 2040; x_wconf 90' lang='lat' dir='ltr'>est,</span> <span class='ocrx_word' id='word_1_139' title='bbox 1040 1986 1078 2026; x_wconf 86' lang='lat' dir='ltr'>ne</span> <span class='ocrx_word' id='word_1_140' title='bbox 1099 1968 1176 2026; x_wconf 91' lang='lat' dir='ltr'>nulla</span> <span class='ocrx_word' id='word_1_141' title='bbox 1192 1969 1228 2027; x_wconf 91' lang='lat' dir='ltr'>sit</span> 
     </span>
     <span class='ocr_line' id='line_1_18' title="bbox 177 2065 1227 2141; baseline -0.001 -16"><span class='ocrx_word' id='word_1_142' title='bbox 177 2069 308 2126; x_wconf 91' lang='lat' dir='ltr'>omnino.</span> <span class='ocrx_word' id='word_1_143' title='bbox 350 2068 428 2125; x_wconf 89' lang='lat' dir='ltr'>Nam</span> <span class='ocrx_word' id='word_1_144' title='bbox 449 2066 512 2138; x_wconf 85' lang='lat' dir='ltr'>ista,</span> <span class='ocrx_word' id='word_1_145' title='bbox 534 2082 610 2141; x_wconf 90' lang='lat' dir='ltr'>quae</span> <span class='ocrx_word' id='word_1_146' title='bbox 631 2083 683 2124; x_wconf 88' lang='lat' dir='ltr'>vos</span> <span class='ocrx_word' id='word_1_147' title='bbox 704 2065 810 2136; x_wconf 93' lang='lat' dir='ltr'>dicitis,</span> <span class='ocrx_word' id='word_1_148' title='bbox 833 2076 901 2123; x_wconf 91' lang='lat' dir='ltr'>sunt</span> <span class='ocrx_word' id='word_1_149' title='bbox 924 2074 987 2123; x_wconf 90' lang='lat' dir='ltr'>tota</span> <span class='ocrx_word' id='word_1_150' title='bbox 1011 2066 1227 2138; x_wconf 88' lang='lat' dir='ltr'>commenticia,</span> 
     </span>
     <span class='ocr_line' id='line_1_19' title="bbox 176 2162 1229 2238; baseline -0.001 -16"><span class='ocrx_word' id='word_1_151' title='bbox 176 2164 225 2222; x_wconf 88' lang='lat' dir='ltr'>vix</span> <span class='ocrx_word' id='word_1_152' title='bbox 248 2162 338 2238; x_wconf 87' lang='lat' dir='ltr'>digna</span> <span class='ocrx_word' id='word_1_153' title='bbox 361 2163 560 2222; x_wconf 88' lang='lat' dir='ltr'>lucubratione</span> <span class='ocrx_word' id='word_1_154' title='bbox 583 2163 762 2220; x_wconf 88' lang='lat' dir='ltr'>anicularum</span> <span class='ocrx_word' id='word_1_155' title='bbox 772 2182 781 2234; x_wconf 89' lang='lat'>;</span> <span class='ocrx_word' id='word_1_156' title='bbox 809 2180 871 2219; x_wconf 93' lang='lat' dir='ltr'>non</span> <span class='ocrx_word' id='word_1_157' title='bbox 893 2162 971 2220; x_wconf 89' lang='lat' dir='ltr'>enim</span> <span class='ocrx_word' id='word_1_158' title='bbox 993 2162 1113 2235; x_wconf 90' lang='lat' dir='ltr'>sentitis,</span> <span class='ocrx_word' id='word_1_159' title='bbox 1138 2181 1229 2238; x_wconf 88' lang='lat' dir='ltr'>quam</span> 
     </span>
     <span class='ocr_line' id='line_1_20' title="bbox 121 2256 1228 2332; baseline -0.001 -15"><span class='ocrx_word' id='word_1_160' title='bbox 121 2256 122 2259; x_wconf 63' lang='grc'>’</span> <span class='ocrx_word' id='word_1_161' title='bbox 176 2259 268 2317; x_wconf 89' lang='lat' dir='ltr'>multa</span> <span class='ocrx_word' id='word_1_162' title='bbox 290 2259 373 2316; x_wconf 91' lang='lat' dir='ltr'>vobis</span> <span class='ocrx_word' id='word_1_163' title='bbox 400 2257 586 2332; x_wconf 89' lang='lat' dir='ltr'>suscipienda</span> <span class='ocrx_word' id='word_1_164' title='bbox 613 2258 679 2328; x_wconf 93' lang='lat' dir='ltr'>sint,</span> <span class='ocrx_word' id='word_1_165' title='bbox 703 2258 726 2315; x_wconf 92' lang='lat' dir='ltr'>si</span> <span class='ocrx_word' id='word_1_166' title='bbox 754 2258 936 2332; x_wconf 89' lang='lat' dir='ltr'>inpetraritis,</span> <span class='ocrx_word' id='word_1_167' title='bbox 965 2267 997 2316; x_wconf 93' lang='lat' dir='ltr'>ut</span> <span class='ocrx_word' id='word_1_168' title='bbox 1028 2257 1228 2325; x_wconf 88' lang='lat' dir='ltr'>concedamus</span> 
     </span>
     <span class='ocr_line' id='line_1_21' title="bbox 177 2353 1267 2431; baseline -0.005 -19"><span class='ocrx_word' id='word_1_169' title='bbox 177 2355 304 2413; x_wconf 91' lang='lat' dir='ltr'>eandem</span> <span class='ocrx_word' id='word_1_170' title='bbox 324 2353 477 2412; x_wconf 90' lang='lat' dir='ltr'>hominum</span> <span class='ocrx_word' id='word_1_171' title='bbox 501 2371 564 2410; x_wconf 89' lang='lat' dir='ltr'>esse</span> <span class='ocrx_word' id='word_1_172' title='bbox 589 2361 619 2410; x_wconf 91' lang='lat' dir='ltr'>et</span> <span class='ocrx_word' id='word_1_173' title='bbox 641 2353 764 2410; x_wconf 90' lang='lat' dir='ltr'>deorum</span> <span class='ocrx_word' id='word_1_174' title='bbox 785 2353 932 2431; x_wconf 54' lang='lat' dir='ltr'>figuramq</span> <span class='ocrx_word' id='word_1_175' title='bbox 959 2353 1063 2412; x_wconf 92' lang='lat' dir='ltr'>Omnis</span> <span class='ocrx_word' id='word_1_176' title='bbox 1083 2355 1177 2412; x_wconf 90' lang='lat' dir='ltr'>cultus</span> <span class='ocrx_word' id='word_1_177' title='bbox 1199 2366 1228 2413; x_wconf 88' lang='lat' dir='ltr'>et</span> <span class='ocrx_word' id='word_1_178' title='bbox 1241 2379 1267 2407; x_wconf 72' lang='grc' dir='ltr'><strong>ω</strong></span> 
     </span>
     <span class='ocr_line' id='line_1_22' title="bbox 177 2448 1229 2525; baseline -0.001 -16"><span class='ocrx_word' id='word_1_179' title='bbox 177 2451 287 2509; x_wconf 91' lang='lat' dir='ltr'>curatio</span> <span class='ocrx_word' id='word_1_180' title='bbox 315 2450 444 2525; x_wconf 84' lang='lat' dir='ltr'>corporis</span> <span class='ocrx_word' id='word_1_181' title='bbox 474 2450 526 2506; x_wconf 91' lang='lat' dir='ltr'>erit</span> <span class='ocrx_word' id='word_1_182' title='bbox 554 2448 658 2522; x_wconf 82' lang='lat' dir='ltr'>eadem</span> <span class='ocrx_word' id='word_1_183' title='bbox 687 2449 856 2508; x_wconf 91' lang='lat' dir='ltr'>adhibenda</span> <span class='ocrx_word' id='word_1_184' title='bbox 883 2449 950 2521; x_wconf 91' lang='lat' dir='ltr'>deo,</span> <span class='ocrx_word' id='word_1_185' title='bbox 974 2468 1050 2525; x_wconf 90' lang='lat' dir='ltr'>quae</span> <span class='ocrx_word' id='word_1_186' title='bbox 1074 2450 1229 2509; x_wconf 91' lang='lat' dir='ltr'>adhibetur</span> 
     </span>
     <span class='ocr_line' id='line_1_23' title="bbox 165 2528 1226 2624; baseline -0.001 -19"><span class='ocrx_word' id='word_1_187' title='bbox 165 2547 297 2619; x_wconf 87' lang='lat' dir='ltr'>homini,</span> <span class='ocrx_word' id='word_1_188' title='bbox 319 2535 472 2621; x_wconf 80' lang='lat' dir='ltr'>ingre&#39;ssus,</span> <span class='ocrx_word' id='word_1_189' title='bbox 493 2563 602 2615; x_wconf 90' lang='lat' dir='ltr'>cursus,</span> <span class='ocrx_word' id='word_1_190' title='bbox 624 2545 780 2618; x_wconf 91' lang='lat' dir='ltr'>accubitio,</span> <span class='ocrx_word' id='word_1_191' title='bbox 802 2546 959 2619; x_wconf 92' lang='lat' dir='ltr'>inclinatio,</span> <span class='ocrx_word' id='word_1_192' title='bbox 981 2528 1081 2618; x_wconf 75' lang='lat' dir='ltr'>sessi0,</span> <span class='ocrx_word' id='word_1_193' title='bbox 1104 2565 1226 2624; x_wconf 90' lang='lat' dir='ltr'>conpre-</span> 
     </span>
     <span class='ocr_line' id='line_1_24' title="bbox 138 2641 1228 2718; baseline 0.003 -18"><span class='ocrx_word' id='word_1_194' title='bbox 138 2645 288 2716; x_wconf 80' lang='lat' dir='ltr'>auhensio,</span> <span class='ocrx_word' id='word_1_195' title='bbox 313 2641 352 2701; x_wconf 91' lang='lat' dir='ltr'>ad</span> <span class='ocrx_word' id='word_1_196' title='bbox 376 2652 538 2701; x_wconf 87' lang='lat' dir='ltr'>extremum</span> <span class='ocrx_word' id='word_1_197' title='bbox 562 2642 650 2700; x_wconf 89' lang='lat' dir='ltr'>etiam</span> <span class='ocrx_word' id='word_1_198' title='bbox 675 2660 771 2700; x_wconf 89' lang='lat' dir='ltr'>sermo</span> <span class='ocrx_word' id='word_1_199' title='bbox 795 2653 824 2700; x_wconf 89' lang='lat' dir='ltr'>et</span> <span class='ocrx_word' id='word_1_200' title='bbox 852 2644 944 2701; x_wconf 92' lang='lat' dir='ltr'>oratio</span> <span class='ocrx_word' id='word_1_201' title='bbox 955 2664 964 2717; x_wconf 88' lang='lat'>;</span> <span class='ocrx_word' id='word_1_202' title='bbox 992 2662 1062 2702; x_wconf 92' lang='lat' dir='ltr'>nam</span> <span class='ocrx_word' id='word_1_203' title='bbox 1088 2644 1171 2718; x_wconf 91' lang='lat' dir='ltr'>quod</span> <span class='ocrx_word' id='word_1_204' title='bbox 1199 2656 1228 2703; x_wconf 89' lang='lat' dir='ltr'>et</span> 
     </span>
     <span class='ocr_line' id='line_1_25' title="bbox 175 2738 1226 2816; baseline 0.001 -16"><span class='ocrx_word' id='word_1_205' title='bbox 175 2742 261 2800; x_wconf 92' lang='lat' dir='ltr'>maris</span> <span class='ocrx_word' id='word_1_206' title='bbox 289 2740 362 2800; x_wconf 92' lang='lat' dir='ltr'>deos</span> <span class='ocrx_word' id='word_1_207' title='bbox 390 2749 420 2798; x_wconf 89' lang='lat' dir='ltr'>et</span> <span class='ocrx_word' id='word_1_208' title='bbox 450 2740 571 2798; x_wconf 85' lang='lat' dir='ltr'>seminas</span> <span class='ocrx_word' id='word_1_209' title='bbox 601 2757 665 2798; x_wconf 86' lang='lat' dir='ltr'>esse</span> <span class='ocrx_word' id='word_1_210' title='bbox 700 2738 805 2812; x_wconf 88' lang='lat' dir='ltr'>dicitis,</span> <span class='ocrx_word' id='word_1_211' title='bbox 833 2739 905 2816; x_wconf 93' lang='lat' dir='ltr'>quid</span> <span class='ocrx_word' id='word_1_212' title='bbox 939 2751 1085 2815; x_wconf 89' lang='lat' dir='ltr'>sequatur,</span> <span class='ocrx_word' id='word_1_213' title='bbox 1113 2741 1226 2803; x_wconf 81' lang='lat' dir='ltr'>videtis</span> 
     </span>
     <span class='ocr_line' id='line_1_26' title="bbox 176 2836 1265 2914; baseline 0.001 -18"><span class='ocrx_word' id='word_1_214' title='bbox 176 2839 324 2914; x_wconf 86' lang='lat' dir='ltr'>Equidem</span> <span class='ocrx_word' id='word_1_215' title='bbox 352 2837 447 2895; x_wconf 90' lang='lat' dir='ltr'>mirari</span> <span class='ocrx_word' id='word_1_216' title='bbox 474 2837 542 2894; x_wconf 91' lang='lat' dir='ltr'>satis</span> <span class='ocrx_word' id='word_1_217' title='bbox 566 2854 627 2894; x_wconf 92' lang='lat' dir='ltr'>non</span> <span class='ocrx_word' id='word_1_218' title='bbox 648 2854 778 2912; x_wconf 91' lang='lat' dir='ltr'>possum,</span> <span class='ocrx_word' id='word_1_219' title='bbox 803 2836 883 2894; x_wconf 88' lang='lat' dir='ltr'>unde</span> <span class='ocrx_word' id='word_1_220' title='bbox 911 2837 949 2895; x_wconf 91' lang='lat' dir='ltr'>ad</span> <span class='ocrx_word' id='word_1_221' title='bbox 977 2838 1045 2895; x_wconf 89' lang='lat' dir='ltr'>istas</span> <span class='ocrx_word' id='word_1_222' title='bbox 1073 2838 1227 2914; x_wconf 89' lang='lat' dir='ltr'>opiniones</span> <span class='ocrx_word' id='word_1_223' title='bbox 1240 2861 1265 2898; x_wconf 67' lang='lat' dir='ltr'>vs</span> 
     </span>
     <span class='ocr_line' id='line_1_27' title="bbox 174 2930 1226 3008; baseline -0.002 -15"><span class='ocrx_word' id='word_1_224' title='bbox 174 2945 270 2994; x_wconf 89' lang='lat' dir='ltr'>vester</span> <span class='ocrx_word' id='word_1_225' title='bbox 292 2935 339 2993; x_wconf 91' lang='lat' dir='ltr'>ille</span> <span class='ocrx_word' id='word_1_226' title='bbox 363 2934 500 3008; x_wconf 87' lang='lat' dir='ltr'>princeps</span> <span class='ocrx_word' id='word_1_227' title='bbox 523 2933 643 2991; x_wconf 89' lang='lat' dir='ltr'>venerit.</span> <span class='ocrx_word' id='word_1_228' title='bbox 684 2930 744 2990; x_wconf 90' lang='lat' dir='ltr'>Sed</span> <span class='ocrx_word' id='word_1_229' title='bbox 770 2932 895 2990; x_wconf 87' lang='lat' dir='ltr'>clamare</span> <span class='ocrx_word' id='word_1_230' title='bbox 923 2951 984 2991; x_wconf 93' lang='lat' dir='ltr'>non</span> <span class='ocrx_word' id='word_1_231' title='bbox 1006 2933 1137 2997; x_wconf 87' lang='lat' dir='ltr'>desinitis</span> <span class='ocrx_word' id='word_1_232' title='bbox 1161 2936 1226 2992; x_wconf 91' lang='lat' dir='ltr'>reti·</span> 
     </span>
     <span class='ocr_line' id='line_1_28' title="bbox 174 3027 1227 3104; baseline -0.001 -16"><span class='ocrx_word' id='word_1_233' title='bbox 174 3030 306 3089; x_wconf 91' lang='lat' dir='ltr'>nendum</span> <span class='ocrx_word' id='word_1_234' title='bbox 333 3030 392 3088; x_wconf 90' lang='lat' dir='ltr'>hoc</span> <span class='ocrx_word' id='word_1_235' title='bbox 416 3046 489 3099; x_wconf 88' lang='lat' dir='ltr'>esse,</span> <span class='ocrx_word' id='word_1_236' title='bbox 515 3027 588 3086; x_wconf 91' lang='lat' dir='ltr'>deus</span> <span class='ocrx_word' id='word_1_237' title='bbox 615 3037 648 3086; x_wconf 92' lang='lat' dir='ltr'>ut</span> <span class='ocrx_word' id='word_1_238' title='bbox 674 3027 777 3086; x_wconf 91' lang='lat' dir='ltr'>beatus</span> <span class='ocrx_word' id='word_1_239' title='bbox 804 3027 1021 3104; x_wconf 87' lang='lat' dir='ltr'>inmortalisque</span> <span class='ocrx_word' id='word_1_240' title='bbox 1050 3029 1095 3088; x_wconf 87' lang='lat' dir='ltr'>sit.</span> <span class='ocrx_word' id='word_1_241' title='bbox 1146 3029 1227 3104; x_wconf 89' lang='lat' dir='ltr'>Quid</span> 
     </span>
     <span class='ocr_line' id='line_1_29' title="bbox 175 3122 1226 3201; baseline -0.002 -15"><span class='ocrx_word' id='word_1_242' title='bbox 175 3137 275 3186; x_wconf 90' lang='lat' dir='ltr'>autem</span> <span class='ocrx_word' id='word_1_243' title='bbox 289 3128 394 3199; x_wconf 86' lang='lat' dir='ltr'>obstat,</span> <span class='ocrx_word' id='word_1_244' title='bbox 409 3143 469 3201; x_wconf 93' lang='lat' dir='ltr'>quo</span> <span class='ocrx_word' id='word_1_245' title='bbox 487 3125 583 3190; x_wconf 89' lang='lat' dir='ltr'>minus</span> <span class='ocrx_word' id='word_1_246' title='bbox 603 3123 639 3182; x_wconf 89' lang='lat' dir='ltr'>sit</span> <span class='ocrx_word' id='word_1_247' title='bbox 659 3122 771 3197; x_wconf 90' lang='lat' dir='ltr'>beatus,</span> <span class='ocrx_word' id='word_1_248' title='bbox 786 3122 810 3184; x_wconf 95' lang='lat' dir='ltr'>si</span> <span class='ocrx_word' id='word_1_249' title='bbox 830 3142 891 3183; x_wconf 89' lang='lat' dir='ltr'>non</span> <span class='ocrx_word' id='word_1_250' title='bbox 912 3125 949 3184; x_wconf 91' lang='lat' dir='ltr'>sit</span> <span class='ocrx_word' id='word_1_251' title='bbox 968 3125 1074 3201; x_wconf 87' lang='lat' dir='ltr'>bipes?</span> <span class='ocrx_word' id='word_1_252' title='bbox 1093 3135 1144 3184; x_wconf 90' lang='lat' dir='ltr'>aut</span> <span class='ocrx_word' id='word_1_253' title='bbox 1164 3125 1226 3199; x_wconf 90' lang='lat' dir='ltr'>ista,</span> 
     </span>
     <span class='ocr_line' id='line_1_30' title="bbox 175 3220 1226 3299; baseline -0.002 -15"><span class='ocrx_word' id='word_1_254' title='bbox 175 3225 236 3284; x_wconf 88' lang='lat' dir='ltr'>sive</span> <span class='ocrx_word' id='word_1_255' title='bbox 263 3223 473 3284; x_wconf 88' lang='lat' dir='ltr'>beatitas-sive</span> <span class='ocrx_word' id='word_1_256' title='bbox 500 3220 652 3282; x_wconf 90' lang='lat' dir='ltr'>beatitudo</span> <span class='ocrx_word' id='word_1_257' title='bbox 679 3220 808 3281; x_wconf 87' lang='lat' dir='ltr'>dicenda</span> <span class='ocrx_word' id='word_1_258' title='bbox 834 3232 879 3281; x_wconf 92' lang='lat' dir='ltr'>est</span> <span class='ocrx_word' id='word_1_259' title='bbox 907 3221 1077 3299; x_wconf 88' lang='lat' dir='ltr'>(utrumque</span> <span class='ocrx_word' id='word_1_260' title='bbox 1105 3224 1226 3283; x_wconf 89' lang='lat' dir='ltr'>omnino</span> 
     </span>
     <span class='ocr_line' id='line_1_31' title="bbox 174 3318 1265 3396; baseline -0.002 -16"><span class='ocrx_word' id='word_1_261' title='bbox 174 3321 290 3395; x_wconf 89' lang='lat' dir='ltr'>durum,</span> <span class='ocrx_word' id='word_1_262' title='bbox 312 3321 365 3380; x_wconf 90' lang='lat' dir='ltr'>sed</span> <span class='ocrx_word' id='word_1_263' title='bbox 385 3339 440 3379; x_wconf 92' lang='lat' dir='ltr'>usu</span> <span class='ocrx_word' id='word_1_264' title='bbox 460 3318 620 3379; x_wconf 89' lang='lat' dir='ltr'>mollienda</span> <span class='ocrx_word' id='word_1_265' title='bbox 638 3319 724 3378; x_wconf 90' lang='lat' dir='ltr'>nobis</span> <span class='ocrx_word' id='word_1_266' title='bbox 736 3319 826 3378; x_wconf 89' lang='lat' dir='ltr'>verba</span> <span class='ocrx_word' id='word_1_267' title='bbox 845 3318 941 3393; x_wconf 90' lang='lat' dir='ltr'>sunt),</span> <span class='ocrx_word' id='word_1_268' title='bbox 956 3338 1057 3378; x_wconf 86' lang='lat' dir='ltr'>verum</span> <span class='ocrx_word' id='word_1_269' title='bbox 1079 3337 1122 3393; x_wconf 91' lang='lat' dir='ltr'>ea,</span> <span class='ocrx_word' id='word_1_270' title='bbox 1137 3338 1225 3396; x_wconf 87' lang='lat' dir='ltr'>quae·</span> <span class='ocrx_word' id='word_1_271' title='bbox 1240 3341 1265 3378; x_wconf 78' lang='lat'>³0</span> 
     </span>
     <span class='ocr_line' id='line_1_32' title="bbox 174 3416 1227 3495; baseline -0.001 -18"><span class='ocrx_word' id='word_1_272' title='bbox 174 3437 303 3495; x_wconf 91' lang='lat' dir='ltr'>cumque</span> <span class='ocrx_word' id='word_1_273' title='bbox 317 3426 371 3491; x_wconf 90' lang='lat' dir='ltr'>est,</span> <span class='ocrx_word' id='word_1_274' title='bbox 386 3437 439 3475; x_wconf 92' lang='lat' dir='ltr'>cur</span> <span class='ocrx_word' id='word_1_275' title='bbox 455 3425 506 3476; x_wconf 92' lang='lat' dir='ltr'>aut</span> <span class='ocrx_word' id='word_1_276' title='bbox 526 3417 556 3475; x_wconf 94' lang='lat' dir='ltr'>in</span> <span class='ocrx_word' id='word_1_277' title='bbox 577 3416 670 3475; x_wconf 88' lang='lat' dir='ltr'>solem</span> <span class='ocrx_word' id='word_1_278' title='bbox 690 3416 770 3475; x_wconf 91' lang='lat' dir='ltr'>illum</span> <span class='ocrx_word' id='word_1_279' title='bbox 791 3425 840 3475; x_wconf 91' lang='lat' dir='ltr'>aut</span> <span class='ocrx_word' id='word_1_280' title='bbox 861 3416 891 3475; x_wconf 92' lang='lat' dir='ltr'>in</span> <span class='ocrx_word' id='word_1_281' title='bbox 912 3416 991 3475; x_wconf 92' lang='lat' dir='ltr'>hunc</span> <span class='ocrx_word' id='word_1_282' title='bbox 1013 3418 1155 3476; x_wconf 91' lang='lat' dir='ltr'>mundum</span> <span class='ocrx_word' id='word_1_283' title='bbox 1177 3429 1227 3476; x_wconf 90' lang='lat' dir='ltr'>aut</span> 
     </span>
     <span class='ocr_line' id='line_1_33' title="bbox 174 3514 1225 3592; baseline -0.001 -18"><span class='ocrx_word' id='word_1_284' title='bbox 174 3516 205 3574; x_wconf 94' lang='lat' dir='ltr'>in</span> <span class='ocrx_word' id='word_1_285' title='bbox 227 3517 353 3592; x_wconf 91' lang='lat' dir='ltr'>aliquam</span> <span class='ocrx_word' id='word_1_286' title='bbox 376 3525 507 3573; x_wconf 89' lang='lat' dir='ltr'>mentem</span> <span class='ocrx_word' id='word_1_287' title='bbox 528 3523 677 3573; x_wconf 89' lang='lat' dir='ltr'>aeternam</span> <span class='ocrx_word' id='word_1_288' title='bbox 698 3514 790 3589; x_wconf 84' lang='lat' dir='ltr'>figura</span> <span class='ocrx_word' id='word_1_289' title='bbox 809 3514 1007 3590; x_wconf 87' lang='lat' dir='ltr'>membrisque</span> <span class='ocrx_word' id='word_1_290' title='bbox 1027 3515 1157 3590; x_wconf 91' lang='lat' dir='ltr'>corporis</span> <span class='ocrx_word' id='word_1_291' title='bbox 1177 3534 1225 3573; x_wconf 92' lang='lat' dir='ltr'>va·</span> 
     </span>
     <span class='ocr_line' id='line_1_34' title="bbox 88 3603 1225 3687; baseline -0.001 -18"><span class='ocrx_word' id='word_1_292' title='bbox 88 3603 90 3609; x_wconf 71' lang='grc'><strong>’</strong></span> <span class='ocrx_word' id='word_1_293' title='bbox 135 3625 162 3668; x_wconf 77' lang='lat' dir='ltr'>aa</span> <span class='ocrx_word' id='word_1_294' title='bbox 174 3631 261 3670; x_wconf 87' lang='lat' dir='ltr'>cuam</span> <span class='ocrx_word' id='word_1_295' title='bbox 278 3611 385 3670; x_wconf 88' lang='lat' dir='ltr'>cadere</span> <span class='ocrx_word' id='word_1_296' title='bbox 406 3630 467 3670; x_wconf 91' lang='lat' dir='ltr'>non</span> <span class='ocrx_word' id='word_1_297' title='bbox 487 3612 604 3687; x_wconf 84' lang='lat' dir='ltr'>potest?</span> <span class='ocrx_word' id='word_1_298' title='bbox 645 3610 726 3669; x_wconf 92' lang='lat' dir='ltr'>Nihil</span> <span class='ocrx_word' id='word_1_299' title='bbox 746 3609 825 3668; x_wconf 89' lang='lat' dir='ltr'>aliud</span> <span class='ocrx_word' id='word_1_300' title='bbox 846 3610 921 3668; x_wconf 90' lang='lat' dir='ltr'>dicis</span> <span class='ocrx_word' id='word_1_301' title='bbox 941 3610 1014 3670; x_wconf 88' lang='lat' dir='ltr'>nisi:</span> <span class='ocrx_word' id='word_1_302' title='bbox 1037 3611 1225 3685; x_wconf 87' lang='lat' dir='ltr'>‘Numquam</span> 
     </span>
     <span class='ocr_line' id='line_1_35' title="bbox 172 3704 1227 3781; baseline -0.003 -15"><span class='ocrx_word' id='word_1_303' title='bbox 172 3707 233 3766; x_wconf 89' lang='lat' dir='ltr'>vidi</span> <span class='ocrx_word' id='word_1_304' title='bbox 260 3708 354 3764; x_wconf 88' lang='lat' dir='ltr'>solem</span> <span class='ocrx_word' id='word_1_305' title='bbox 381 3716 432 3765; x_wconf 89' lang='lat' dir='ltr'>aut</span> <span class='ocrx_word' id='word_1_306' title='bbox 459 3706 603 3766; x_wconf 88' lang='lat' dir='ltr'>mundum</span> <span class='ocrx_word' id='word_1_307' title='bbox 630 3705 768 3765; x_wconf 66' lang='lat' dir='ltr'>beatum!</span> <span class='ocrx_word' id='word_1_308' title='bbox 812 3705 914 3778; x_wconf 85' lang='lat' dir='ltr'>Quid?</span> <span class='ocrx_word' id='word_1_309' title='bbox 940 3704 1084 3764; x_wconf 79' lang='lat' dir='ltr'>uuundum</span> <span class='ocrx_word' id='word_1_310' title='bbox 1113 3717 1227 3781; x_wconf 87' lang='lat' dir='ltr'>praeter</span> 
     </span>
     <span class='ocr_line' id='line_1_36' title="bbox 173 3789 1263 3877; baseline -0.006 -17"><span class='ocrx_word' id='word_1_311' title='bbox 173 3800 253 3860; x_wconf 91' lang='lat' dir='ltr'>hunc</span> <span class='ocrx_word' id='word_1_312' title='bbox 276 3818 456 3877; x_wconf 88' lang='lat' dir='ltr'>umquamne</span> <span class='ocrx_word' id='word_1_313' title='bbox 480 3800 597 3860; x_wconf 85' lang='lat' dir='ltr'>vidisti?</span> <span class='ocrx_word' id='word_1_314' title='bbox 634 3798 773 3872; x_wconf 86' lang='lat' dir='ltr'>Negabis.</span> <span class='ocrx_word' id='word_1_315' title='bbox 816 3799 876 3859; x_wconf 91' lang='lat' dir='ltr'>Cur</span> <span class='ocrx_word' id='word_1_316' title='bbox 897 3789 985 3875; x_wconf 81' lang='lat' dir='ltr'>igitur</span> <span class='ocrx_word' id='word_1_317' title='bbox 1008 3817 1069 3860; x_wconf 90' lang='lat' dir='ltr'>non</span> <span class='ocrx_word' id='word_1_318' title='bbox 1092 3810 1227 3860; x_wconf 86' lang='lat' dir='ltr'>sescenta</span> <span class='ocrx_word' id='word_1_319' title='bbox 1239 3815 1263 3854; x_wconf 79' lang='lat' dir='ltr'>as</span> 
     </span>
    </p>
   </div>
   <div class='ocr_carea' id='block_1_3' title="bbox 0 0 1470 4364">
    <p class='ocr_par' dir='ltr' id='par_1_3' title="bbox 0 0 1470 4364">
     <span class='ocr_line' id='line_1_37' title="bbox 0 0 1470 4364; baseline 0 0"><span class='ocrx_word' id='word_1_320' title='bbox 0 0 1470 4364; x_wconf 95' lang='lat' dir='ltr'> </span> 
     </span>
    </p>
   </div>
  </div>
 </body>
</html>
