2932 4364
458 383 523 432 LIB.
538 383 587 432 III.
620 383 682 432 Car.
692 383 819 443 XXXIII,
831 384 952 436 XXXIV.
986 386 1016 450 §§
1026 385 1115 448 80-84.
1251 374 1309 455 163

261 534 290 592 in
310 534 372 610 ipso
388 537 529 594 Graeciae
544 535 614 594 flore
637 526 818 594 Pisistratus!
860 538 899 594 At
921 537 1056 610 Phalaris,
1071 548 1101 597 at
1114 540 1310 615 Apollodorus

260 648 370 704 poenas
388 631 509 689 sustulit.
552 631 794 705 Multisquidem
816 641 882 690 ante
905 633 1038 692 cruciatis
1059 644 1089 692 et
1109 638 1230 696 necatis.
1272 639 1311 697 Et

259 725 425 800 praedones
440 727 520 784 multi
535 745 623 801 saepe
639 745 751 801 poenas
762 726 842 799 dant,
859 746 915 786 nec
930 738 1033 812 tamen⁴
1043 747 1197 805 possumus
1212 731 1309 793 dicere

259 839 320 879 non
348 822 437 896 pluris
464 823 594 896 captivos
622 823 727 881 acerbe
753 841 842 897 quam
870 823 1034 898 praedones
1061 836 1191 886 necatos.
1232 830 1309 887 Ana-

228 943 240 982 ς
259 917 399 976 xarchum
414 919 635 976 Democriteum
649 936 667 974 a
682 918 791 993 Cyprio
806 928 928 994 tyranno
944 921 1181 980 excarnificatum
1195 925 1310 999 accepi·

260 1032 334 1085 mus,
348 1016 500 1072 Zenonem
521 1014 610 1073 Eleae
631 1014 661 1071 in
683 1015 835 1073 tormentis
859 1024 1006 1074 necatum.
1050 1016 1131 1092 Quid
1152 1017 1250 1078 dicam
1271 1020 1310 1078 de

259 1110 387 1182 Socrate,
402 1111 484 1168 cuius
509 1109 596 1168 morti
620 1111 792 1169 inlacrimari
816 1112 898 1170 soleo
924 1112 1075 1171 Platonem
1099 1113 1221 1190 legens?
1260 1116 1309 1174 Vi·

259 1204 350 1264 desne
371 1206 455 1282 igitur
475 1205 598 1265 deorum
620 1206 739 1279 iudicio,
754 1207 778 1266 si
798 1208 899 1267 vident
919 1226 964 1266 res
985 1208 1136 1282 humanas,
1151 1210 1309 1272 discrimen

259 1319 322 1360 esse
337 1303 503 1362 sublatum?
544 1303 695 1378 Diogenes
710 1303 830 1379 quidem
844 1293 973 1380 Cynicus
992 1304 1090 1363 dicere
1105 1306 1217 1366 solebat
1231 1282 1353 1389 Har-{3}

222 1429 246 1456 ιο
259 1399 368 1472 palum,
382 1400 432 1474 qui
446 1400 626 1474 temporibus
648 1400 701 1458 illis
722 1399 833 1476 praedo
848 1401 916 1459 felix
936 1400 1105 1474 habebatur,
1121 1413 1222 1460 contra
1236 1403 1309 1463 deos

258 1495 456 1555 testimonium
472 1496 580 1569 dicere,
596 1495 677 1572 quod
696 1497 726 1555 in
747 1496 795 1555 illa
808 1498 923 1555 fortuna
943 1507 1003 1556 tam
1024 1497 1075 1556 diu
1096 1498 1214 1559 viveret.
1256 1500 1308 1560 Di-

258 1592 385 1669 onysius,
414 1593 453 1652 de
481 1613 540 1669 quo
567 1604 636 1654 ante
664 1593 733 1667 dixi,
762 1613 830 1653 cum
858 1596 958 1654 sanum
990 1596 1179 1672 Proserpinae
1208 1597 1308 1658 Locris

259 1691 451 1765 expilavisset,
479 1692 633 1767 navigabat
662 1693 816 1769 Syracusas
827 1713 836 1766 3
868 1692 950 1769 isque
982 1712 1051 1751 cum
1085 1694 1309 1791 secupdissumo

258 1798 346 1846 vento
371 1807 488 1847 cursum
512 1799 633 1860 teneret,
658 1789 756 1848 ridens
778 1788 1018 1862 ‘Videtisne’,
1040 1791 1142 1867 inquit,
1165 1792 1308 1867 ‘amici,

222 1903 364 1960 zsquam
389 1886 483 1944 bona
504 1904 521 1943 a
542 1885 598 1944 dis
620 1885 878 1945 inmortalibus
898 1886 1092 1961 navigatio
1114 1888 1309 1964 sacrilegis

259 1980 403 2039 detur?'
446 1981 540 2056 quue
555 1983 645 2040 homo
662 1991 764 2040 acutus
779 2001 847 2040 cum
862 1983 939 2041 bene
956 1983 1101 2058 planeque
1120 1985 1308 2059 percepisset,

259 2078 288 2133 in
310 2077 416 2134 eadem
437 2079 581 2134 sententia
601 2078 813 2152 perseverabat.
856 2078 916 2151 Qui
935 2097 1003 2135 cum
1018 2078 1057 2135 ad
1072 2079 1309 2154 Peloponnesum

259 2171 380 2229 classem
403 2173 561 2246 appulisset
583 2183 612 2229 et
633 2173 662 2229 ln
683 2173 782 2230 sanum
799 2172 926 2231 venisset
941 2172 1018 2230 Iovis
1036 2173 1174 2248 Olympii,
1189 2192 1309 2233 aureum

259 2267 286 2324 ei
311 2267 436 2325 detraxit
460 2268 617 2326 amiculum
644 2267 747 2343 grandi
775 2267 917 2342 pondere,
940 2287 999 2343 quo
1028 2270 1131 2327 Iovem
1155 2280 1270 2328 ornarat
1290 2289 1307 2329 e

221 2389 246 2416 ιο
258 2360 409 2423 manubiis
423 2365 709 2440 Karthaginiensium
733 2374 871 2440 tyrannus
892 2366 978 2437 Gelo,
997 2375 1084 2440 atque
1106 2365 1136 2424 in
1160 2384 1197 2425 eo
1221 2366 1309 2425 etiam

259 2461 405 2520 cavillatus
419 2471 464 2520 est
477 2471 586 2519 aestate
607 2480 693 2536 grave
715 2479 778 2518 esse
800 2479 920 2519 aureum
939 2462 1106 2534 amiculum,
1122 2462 1218 2521 hieme
1233 2464 1308 2539 frigi·

259 2555 340 2628 dum,
356 2557 441 2630 eique
455 2558 571 2615 laneum
586 2557 704 2632 pallium
719 2556 827 2628 iniecit,
843 2539 911 2615 curn
926 2556 956 2614 id
971 2576 1034 2615 esse
1049 2567 1150 2632 aptum
1164 2556 1203 2614 ad
1218 2578 1307 2616 omne

258 2653 327 2709 anni
347 2662 463 2727 tempus
488 2652 607 2710 diceret.
651 2651 794 2726 Idemque
823 2652 989 2727 Aesculapii
1017 2651 1158 2727 Epidauri
1185 2653 1306 2711 barbam

163 2744 165 2749 ’
258 2765 374 2805 auream
402 2747 482 2806 demi
510 2748 610 2820 iussit}
644 2765 741 2822 neque
768 2747 847 2806 enirn
876 2747 1033 2805 convenire
1060 2747 1214 2806 barbatum
1242 2766 1306 2807 esse

220 2871 244 2909 ²5
258 2843 356 2913 filium,
372 2863 440 2901 cum
455 2844 484 2901 iu
499 2843 634 2902 omnibus
649 2843 721 2901 fanis
736 2853 818 2917 pater
838 2842 965 2902 inberbis
983 2853 1078 2902 esset·
1111 2844 1208 2902 Etiam
1222 2863 1304 2903 men·
1318 2858 1344 2900 st

257 2957 303 2997 sas
318 2949 467 3015 argenteas
482 2938 520 2997 de
542 2940 677 2998 omnibus
698 2938 824 2997 delubris
845 2938 927 2996 iussit
947 2939 1059 3010 auferri,
1075 2939 1104 2997 in
1118 2939 1223 3015 quibus
1238 2959 1306 2999 cum

257 3053 338 3094 more
359 3037 463 3095 veteris
485 3036 626 3095 Graeciae
647 3035 817 3111 inscriptum
845 3045 921 3093 esset
939 3051 1084 3094 nouorum
1105 3053 1241 3108 osonum,
1264 3037 1307 3095 uti

256 3151 287 3191 se
309 3151 411 3191 eorum
432 3132 562 3192 bonitate
582 3133 655 3190 velle
678 3131 807 3202 dicebat.
849 3131 934 3190 Idem
958 3131 1132 3190 Victoriolas
1154 3150 1255 3190 aureas
1276 3142 1307 3192 et

256 3239 369 3305 pateras
384 3248 574 3305 coronasque,
589 3248 665 3305 quae
679 3228 899 3288 simulacrorum
919 3228 1060 3304 porrectis
1074 3229 1208 3288 manibus
1223 3230 1306 3288 susti·

218 3360 243 3398 ,ο
256 3328 408 3400 nebantur,
436 3328 499 3386 sine
527 3326 709 3386 dubitatione
739 3326 859 3385 tollebat
883 3344 985 3409 eaque
1013 3345 1045 3384 se
1074 3327 1217 3401 accipere,
1246 3345 1306 3386 non

255 3425 366 3483 auferre
388 3423 505 3483 dicebat
515 3443 524 3497 3
546 3442 610 3483 esse
631 3423 710 3483 enim
731 3423 890 3495 stultitiam,
911 3442 929 3480 a
950 3423 1055 3498 quibus
1075 3423 1154 3482 bona
1174 3441 1305 3498 precare·

256 3540 329 3592 mur,
344 3522 382 3581 ab
396 3521 430 3579 iis
444 3520 655 3596 porrIgentibus
670 3529 700 3579 et
714 3519 850 3578 dantibus
865 3520 942 3578 nolle
957 3538 1081 3578 sumere.
1111 3519 1306 3595 Eundemque

255 3618 351 3675 ferunt
371 3617 455 3688 haec,
470 3635 544 3691 quae
566 3616 635 3686 dixi,
650 3615 763 3674 sublata
783 3614 822 3673 de
843 3616 916 3673 fanis
937 3616 967 3672 in
988 3616 1082 3673 forum
1103 3617 1256 3690 protulisse
1277 3625 1307 3673 et

255 3730 308 3788 per
321 3730 499 3787 praeconem
512 3711 679 3770 vendidisse
698 3719 859 3786 exactaque
880 3711 1007 3786 pecunia
1020 3710 1155 3782 edixisse,
1171 3719 1211 3782 ut,
1225 3710 1307 3785 quod

219 3837 242 3875 35
257 3807 380 3882 quisque
395 3825 414 3865 a
427 3807 515 3865 sacris
529 3806 658 3878 haberet,
673 3804 704 3864 id
718 3814 786 3864 ante
807 3804 888 3864 diem
908 3814 1019 3864 certam
1033 3805 1064 3864 in
1077 3824 1162 3864 suum
1176 3805 1306 3881 quidque
