2932 4364
519 397 584 456 mu.
595 408 647 458 111.
681 409 845 482 crau-ru
880 409 996 474 §55-10.
1218 409 1279 477 ¹39

227 559 363 634 primum,
378 559 458 634 quod
478 548 553 618 inter
568 561 663 630 omnis
680 561 735 618 nisi
749 560 911 619 admodum
927 561 1032 636 impios
1047 562 1192 633 convenit,
1207 561 1279 619 mibi

228 653 348 728 quidem
364 655 513 713 exanimo
523 636 624 713 biblii
639 674 698 713 non
714 665 821 730 potest,
837 674 901 713 esse
916 655 998 727 deos,
1014 655 1044 715 id
1058 665 1156 715 tamen
1172 657 1278 732 ipsum,

228 749 309 825 quod
326 751 401 808 mihi
422 769 590 827 persuasum
612 760 656 810 est
677 752 847 811 auctoritate
862 752 1014 824 maiorum,
1030 771 1082 820 cur
1095 753 1135 810 ita
1148 753 1193 824 sit,
1208 752 1280 811 nihil

228 856 260 907 tu
282 866 330 906 me
353 848 453 907 doces.
495 847 576 923 Quid
597 858 651 920 est,
673 848 767 924 inquit
788 848 904 920 Balbus,
920 849 944 907 si
965 849 1018 908 tibi
1038 867 1208 924 persuasum
1225 858 1278 922 est,

197 971 210 1013 5
229 964 280 1003 cur
293 964 311 1003 a
325 965 373 1004 me
388 945 456 1004 velis
472 944 606 1026 discere?
634 946 712 1004 Turn
723 946 830 1005 Cotta:
854 946 932 1020 Quia
945 947 986 1004 sic
1002 945 1165 1022 adgredior,
1177 946 1279 1022 inquit,

229 1041 266 1099 ad
290 1041 365 1100 hane
388 1041 625 1118 disputationem,
649 1043 732 1117 quasi
753 1042 825 1101 nihil
847 1062 987 1119 umquam
1009 1042 1151 1102 audierim
1168 1042 1212 1102 ¹de
1235 1043 1279 1102 dis

228 1137 434 1210 inmortalibus,
449 1138 521 1195 nihil
535 1139 742 1214 cogitaverim
763 1139 866 1199 rudem
882 1158 930 1201 me
945 1150 974 1199 et
992 1140 1136 1216 integrum
1151 1139 1279 1215 discipu-

227 1232 287 1291 lum
308 1234 410 1308 accipe
432 1244 462 1291 et
482 1253 526 1305 ea,
541 1253 617 1309 quae
638 1236 763 1309 requiro,
778 1235 864 1294 doce.
908 1237 966 1293 Dic
980 1236 1074 1311 igitur,
1091 1237 1191 1311 inquit,
1206 1235 1303 1311 quida

227 1329 364 1403 requiras.
405 1331 530 1404 Egone?
550 1331 675 1403 primum
690 1329 769 1402 illud,
785 1349 846 1401 cur,
861 1330 942 1405 quod
958 1331 986 1387 in
1002 1332 1057 1388 ista
1070 1331 1225 1406 partitione
1240 1350 1278 1389 ne

192 1445 216 1473 ιο
228 1440 313 1496 egere
335 1422 456 1497 quidem
476 1424 606 1482 oratione
626 1423 756 1495 dixisses,
772 1425 854 1500 quod
869 1435 945 1482 esset
959 1412 1146 1500 perspicuum
1161 1434 1191 1482 et
1205 1425 1279 1484 iuter

228 1518 323 1575 omnis
338 1528 493 1590 constaret,
505 1520 544 1577 de
559 1538 596 1577 eo
611 1520 675 1595 ipso
689 1529 748 1577 tam
760 1521 851 1577 multa
865 1519 980 1578 dixeris.
1014 1520 1091 1594 Quia
1105 1529 1134 1578 te
1148 1539 1277 1596 quoque,

189 1654 192 1658 -
228 1614 330 1690 inquit,
353 1615 553 1687 animadverti,
577 1617 673 1688 Cotta,
696 1635 795 1692 saepe,
818 1635 886 1675 cum
910 1617 938 1675 in
960 1618 1023 1676 soro
1045 1615 1170 1689 diceres,-
1190 1635 1278 1693 quam

228 1711 358 1786 plurimis
371 1730 473 1788 posses
488 1713 663 1789 argumentis
677 1731 797 1773 onerare
813 1713 949 1786 iudicem,
965 1714 1095 1774 simodo
1110 1732 1174 1773 eam
1190 1715 1278 1774 sacul-

229 1817 318 1868 tatem
339 1810 391 1870 tibi
411 1809 612 1870 daret-causa.
654 1812 750 1888 Atque
772 1812 830 1871 hoc
850 1810 930 1871 idem
945 1811 1156 1889 et'philosophi
1170 1812 1280 1872 faciunt

192 1927 216 1966 ιε
229 1918 258 1965 et
273 1926 337 1984 eg0,
352 1917 385 1967 ut
399 1909 490 1986 potui,
506 1909 572 1968 feci.
605 1911 660 1968 'Tu
674 1915 781 1982 autem,
796 1909 891 1986 quiid
910 1911 1034 1986 quaeris,
1049 1910 1179 1970 similiter
1198 1911 1278 1977 sacis,

229 2023 264 2062 ac
286 2006 381 2064 sime
404 2025 497 2082 roges,
519 2026 571 2065 cur
593 2016 622 2065 te
643 2005 760 2066 duobus
782 2019 924 2066 contuear
943 2008 1035 2066 oculis
1058 2018 1088 2067 et
1108 2026 1169 2066 non
1189 2008 1280 2067 altero

228 2101 390 2172 coniveam‚
406 2121 474 2159 cum
492 2102 572 2160 idem
587 2121 646 2160 uno
664 2101 785 2178 adsequi
799 2104 919 2179 possim.
960 2105 1038 2162 Tum
1053 2104 1159 2162 Cotta:
1182 2082 1311 2189 Quam}

228 2197 320 2256 simile
340 2197 418 2256 istud
437 2199 481 2270 sit,
498 2199 600 2274 inquit,
615 2207 646 2257 tu
660 2197 775 2258 videris.
818 2201 896 2257 Nam
911 2218 967 2275 ego
982 2217 1078 2274 neque
1093 2199 1123 2257 in
1137 2200 1240 2271 causis,
1255 2199 1279 2258 si

228 2293 300 2368 quid
323 2303 367 2352 est
389 2294 518 2366 evidens,
542 2294 580 2353 de
604 2314 664 2370 quo
687 2295 761 2354 inter
782 2296 878 2353 omnis
900 2296 1064 2367 conveniat,
1086 2297 1280 2371 argumentari

191 2391 328 2463 aosole03
353 2392 543 2467 perspicuitas
567 2393 646 2449 enim
669 2392 919 2467 argumentatione
942 2391 1089 2464 elevatur3
1113 2410 1179 2464 nec,
1202 2393 1227 2451 si
1249 2392 1279 2452 id

228 2486 354 2544 facerem
377 2488 407 2546 in
429 2489 523 2546 causis
546 2488 716 2558 forensibus,
740 2487 819 2545 idem
842 2488 969 2546 facerem
991 2488 1020 2546 in
1044 2487 1100 2546 hac
1123 2489 1278 2548 subtilitate

228 2583 377 2641 sermonis.
420 2584 480 2643 Cur
493 2585 644 2642 coniveres
660 2595 758 2642 autem
777 2583 985 2656 alterooculo,
1001 2603 1089 2643 causa
1109 2603 1170 2642 non
1191 2595 1277 2656 esset,

228 2694 296 2734 cum
317 2658 396 2735 idern
418 2679 535 2736 obtutus
554 2687 631 2736 esset
648 2680 811 2749 amborum,
827 2689 856 2736 et
871 2697 1049 2737 cumrerum
1064 2689 1173 2751 natura,
1188 2699 1277 2756 quam

228 2782 259 2830 tu
273 2774 435 2848 sapientem
449 2792 513 2832 esse
527 2774 577 2846 vis,
593 2774 653 2832 duo
667 2774 778 2832 lumina
791 2775 829 2833 ab
842 2775 941 2833 animo
955 2773 993 2833 ad
1013 2774 1115 2834 oculos
1133 2777 1278 2852 perforata

190 2892 214 2931 ιε
228 2886 281 2927 nos
304 2870 410 2928 habere
432 2871 577 2928 voluisset.
617 2869 678 2938 ⁸Sed
701 2872 770 2946 quia
793 2889 854 2930 nou
878 2871 1049 2930 confidebas
1072 2880 1133 2930 tam
1157 2886 1229 2930 esse·
1246 2872 1277 2931 id

227 2965 422 3042 perspicuum,
437 2985 526 3042 quam
547 2975 578 3025 tu
592 2967 689 3038 velles,
711 2976 867 3043 propterea
887 2967 983 3026 multis
1004 2968 1181 3043 argumentis
1203 2968 1276 3028 deos

228 3081 291 3121 esse
319 3063 427 3122 doc'ere
454 3064 577 3123 voluisti.
628 3065 703 3123 Mihi
731 3065 809 3123 enim
838 3083 930 3124 unum
957 3074 1002 3122 sat
1030 3074 1100 3136 erat,
1125 3065 1166 3123 ita
1191 3066 1276 3124 nobis

226 3161 350 3218 maiores
370 3169 486 3219 nostros
506 3161 668 3220 tradidisse.
710 3160 769 3220 Sed
789 3170 820 3220 tu
837 3161 1024 3220 auctoritates
1044 3162 1218 3232 contemnis,
1232 3181 1275 3219 ra-

227 3257 306 3314 tione
329 3276 451 3333 pugnas.
494 3259 595 3316 Patere
618 3257 702 3333 igitur
723 3257 866 3321 rationem
889 3276 986 3315 meam
1005 3275 1074 3316 cum
1095 3266 1145 3315 tua
1165 3257 1275 3317 ratione
1290 3270 1314 3312 ιο

189 3375 215 3413 ³0
227 3353 416 3412 contendere.
458 3354 561 3414 Adlers
576 3355 649 3412 baec
664 3354 764 3414 omnia
777 3364 956 3430 argumenta,
967 3373 1020 3412 cur
1033 3353 1064 3412 di
1078 3354 1145 3426 sint,
1156 3372 1275 3430 remque

228 3468 294 3507 mea
321 3451 465 3509 sententia
492 3451 612 3508 minime
641 3450 760 3509 dubiam
787 3449 1020 3526 argumentando
1047 3449 1168 3509 dubiam
1196 3451 1274 3508 sacis.

227 3544 367 3602 Mandavi
386 3546 464 3603 enim
484 3543 642 3603 memoriae
660 3563 722 3603 non
735 3563 889 3603 numerum
903 3546 1007 3616 solum,
1022 3545 1076 3603 sed
1095 3546 1182 3603 etiam
1197 3546 1274 3602 ordi-

226 3656 295 3697 nem
320 3652 555 3716 argumentorum
578 3650 703 3700 tuorum.
746 3641 874 3698 Primum
898 3640 959 3710 suit,
985 3658 1051 3697 cum
1077 3640 1191 3697 'caelum
1213 3639 1286 3698 sus·'

226 3736 414 3812 pexissemus,
440 3737 536 3795 statim
560 3755 614 3795 nos
638 3736 805 3812 intellegere
833 3753 897 3794 esse
925 3733 1046 3812 aliquod
1070 3752 1188 3807 numen,
1214 3754 1274 3811 quo

190 3853 213 3892 as
227 3831 301 3892 haec
314 3844 458 3910 regantur.
491 3836 546 3893 -Ex
560 3833 618 3892 hoc
632 3831 702 3893 illud
715 3833 822 3892 etiam:
902 3871 904 3875 -
964 3871 966 3876 ·
1027 3871 1031 3878 -
