2932 4364
156 363 200 424 80
484 376 533 425 oe
554 376 700 427 NATURA
723 375 883 426 osonum,

155 529 388 606 religionumque
423 531 590 589 sanctitates
625 530 767 590 exsistunt
800 530 831 588 in
865 528 928 590 dies
964 528 1090 588 maiores
1124 536 1213 604 atque

124 627 301 699 emeliores,
330 625 420 703 idque
449 627 546 686 evenit
573 646 635 687 non
661 636 773 687 temere
800 645 858 686 nec
885 646 964 699 casu,
992 625 1047 686 sed
1074 625 1156 701 quod
1183 634 1213 683 et

83 757 108 807 ..'
157 735 324 801 praesentes
345 741 434 800 saepe
455 723 487 782 di
507 725 566 783 vim
586 743 670 782 suam
690 723 849 796 declarant,
869 734 900 782 ut
921 734 950 782 et
968 722 1049 798 apud
1066 722 1213 798 Regillum

81 802 112 826 ω
158 821 236 879 bello
265 821 443 892 Latinorum,
473 838 542 878 cum
568 821 605 879 A.
637 821 802 878 Postumius
837 818 963 878 dictator
990 837 1060 877 cum
1087 819 1213 878 Octavio

159 916 293 974 Mamilio
305 917 474 973 'Tusculano
488 915 600 990 proelio
621 913 783 986 dimicaret,
804 915 835 973 in
855 925 955 973 nostra
974 915 1038 972 acie
1059 913 1164 973 Castor
1183 924 1214 972 et
1233 931 1245 970 s

160 1011 262 1071 Pollux
282 1030 319 1070 ex
339 1013 421 1088 equis
442 1029 571 1089 pugnare
592 1012 645 1070 visi
658 1022 735 1084 sunt,
749 1022 779 1070 et
792 1013 953 1071 recentiore
968 1011 1110 1070 memoria
1122 1010 1213 1070 iidem

116 1175 119 1180 ,
158 1109 343 1187 Tyndaridae
372 1111 490 1169 Persem
516 1111 626 1169 victum
654 1111 868 1169 nuntiavemnt.
911 1111 943 1168 P.
968 1108 1048 1167 enim
1070 1109 1213 1181 Vatinius,

158 1227 229 1268 avus
253 1209 338 1268 huius
365 1207 570 1282 adulescentis,
595 1227 664 1267 cum
686 1226 704 1266 e
728 1208 912 1285 praefectura
935 1207 1062 1266 Reatina
1085 1197 1215 1265 Romam

137 1307 285 1366 ¹venienti
309 1316 400 1365 noctu
424 1305 486 1364 duo
510 1307 629 1365 iuvenes
654 1324 724 1365 cum
748 1307 831 1382 equis
855 1305 927 1364 albis
949 1305 1091 1362 dixissent
1114 1321 1215 1380 regem

160 1407 277 1464 Persem
305 1405 353 1462 illo
381 1403 429 1462 die
462 1415 591 1479 captum,
622 1404 736 1463 senatui
767 1403 929 1477 nuntiavit3
951 1411 982 1461 et
1008 1402 1105 1478 primo
1131 1401 1214 1476 quasi
1228 1423 1254 1451 ιο

158 1509 268 1559 temere
283 1499 321 1559 de
335 1518 366 1559 re
380 1500 498 1577 publica
511 1501 626 1559 locutus
640 1502 670 1560 in
691 1519 839 1559 carcerem
861 1500 1013 1559 coniectus
1034 1508 1087 1569 est,
1108 1508 1177 1573 post
1196 1516 1216 1555 a

159 1597 250 1656 Paulo
270 1597 370 1655 litteris
390 1597 481 1655 allatis
496 1615 564 1656 cum
579 1597 659 1655 idem
673 1596 737 1655 dies
751 1597 936 1667 constitisset,
952 1604 982 1653 et
995 1612 1065 1670 agro
1080 1613 1099 1652 a
1111 1604 1214 1653 senatu

158 1703 189 1751 et
201 1694 353 1751 vacatione
369 1693 495 1751 donatus
509 1703 562 1751 est.
603 1696 701 1767 Atque
722 1694 811 1751 etiam
825 1710 894 1750 cum
909 1691 947 1749 ad
962 1689 1082 1748 fluvium
1096 1691 1215 1764 Sagram

160 1788 344 1848 Crotoniatas
372 1789 459 1846 locri
485 1789 614 1846 maximo
642 1789 754 1863 proelio
781 1787 966 1884 devicissent,
1001 1804 1039 1844 eo
1073 1786 1138 1862 ipso
1165 1785 1214 1843 die

114 1909 117 1916 ·
159 1883 289 1943 auditam
306 1902 370 1942 esse
389 1902 455 1942 eam
473 1902 603 1959 pugnam
622 1883 698 1942 ludis
713 1884 867 1960 Olympiae
886 1854 1044 1942 memoriae
1065 1881 1237 1959 proditum1
1228 1907 1253 1946 ις

160 1990 213 2038 est
255 1981 348 2056 Saepe
363 1982 530 2039 Faunorum
543 1998 633 2038 voces
647 1980 801 2038 exauditae
803 1998 914 2055 ,saepe
925 1981 1003 2038 visae
1017 1979 1127 2037 formae
1141 1978 1214 2037 deo

159 2097 224 2136 rum
238 2079 370 2152 quemvis
384 2096 445 2136 non
458 2089 509 2136 aut
522 2077 659 2136 hebetem
673 2088 723 2135 aut
740 2078 862 2153 impium
876 2075 950 2135 deos
968 2086 1136 2151 praesentes
1150 2092 1214 2134 esse

126 2163 145 2217 ⁸
161 2174 294 2232 confiteri
309 2175 476 2248 coegerunt.
519 2173 736 2232 Praedictiones
749 2192 818 2231 vero
832 2183 862 2231 et
878 2173 1098 2249 praesensiones
1118 2191 1215 2231 rerum

128 2227 319 2327 ⁷suturarum
346 2268 418 2343 quid
445 2268 524 2326 aliud
550 2268 700 2327 declarant
727 2269 781 2327 nisi
817 2267 983 2326 hominibus
1018 2286 1055 2326 ea
1087 2266 1214 2338 ostendi,

160 2365 321 2435 monstrari,
349 2363 495 2439 portendi,
520 2363 671 2438 praedici?
697 2382 735 2422 ex
762 2364 822 2440 quo
849 2365 897 2422 illa
924 2372 1047 2435 ostenta,
1075 2373 1214 2434 monstra,
1227 2393 1254 2420 ω

160 2470 304 2534 portenta,
318 2460 452 2536 prodigia
465 2458 611 2519 dicuntur.
653 2460 768 2534 Quodsi
786 2447 822 2518 ea
842 2461 911 2518 licta
930 2459 1078 2518 credimus
1098 2459 1216 2517 licentia

160 2557 330 2630 fabularum,
366 2559 515 2633 Mopsum,
556 2558 707 2629 Tiresiam,
750 2557 969 2634 Amphiaraum,
1013 2556 1214 2628 Calchantem,

162 2655 322 2727 Helenum,
357 2672 432 2730 quos
466 2665 566 2714 tamen
598 2673 722 2731 augures
756 2673 794 2715 ne
829 2656 912 2732 ipsae
946 2653 1067 2731 quidem
1101 2654 1215 2714 fabulae

160 2752 359 2822 adscivissent,
381 2753 406 2811 si
430 2771 476 2811 res
498 2753 619 2812 omnino
640 2753 816 2829 repudiaret,
841 2772 879 2811 ne
902 2752 1073 2812 domesticis
1094 2751 1216 2828 quidem

161 2850 302 2925 exemplis
319 2849 399 2908 docti
417 2867 527 2908 numen
547 2849 672 2908 deorum
693 2850 963 2926 conprobabimus?
1004 2849 1086 2908 Nihil
1106 2866 1160 2908 nos
1183 2851 1214 2908 P.
1229 2876 1254 2914 ις

137 2931 143 2938 ¹
161 2945 277 3005 Claudii
297 2946 374 3004 bello
396 2947 508 3004 Punico
528 2947 623 3021 primo
644 2949 791 3005 temeritas
813 2947 963 3005 movebit?
983 2946 1034 3022 qui
1054 2946 1143 3005 etiam
1164 2963 1217 3022 per

140 3045 144 3055 '
161 3043 260 3101 iocum
275 3041 348 3100 deos
363 3041 499 3114 inridens,
515 3061 584 3100 cum
601 3061 692 3101 cavea
711 3042 823 3101 liberati
844 3042 913 3118 pulli
935 3060 996 3101 non
1018 3053 1215 3118 pascerentur,

162 3139 253 3214 mergi
275 3156 327 3197 eos
349 3138 379 3196 in
401 3156 509 3214 aquam
523 3139 612 3211 iussit,
632 3149 664 3197 ut
685 3139 828 3210 biberent,
848 3140 988 3214 quoniam
1007 3156 1071 3198 esse
1095 3138 1215 3197 nollent.

162 3236 221 3309 Qui
242 3236 315 3294 risus
336 3235 428 3294 classe
449 3234 565 3295 devicta
586 3236 690 3294 multas
709 3236 764 3312 ipsi
783 3236 925 3308 lacrimas,
947 3254 1085 3311 magnam
1105 3235 1216 3312 populo

163 3333 300 3390 Romano
328 3329 443 3389 cladem
470 3332 572 3391 attulit.
615 3332 718 3406 Quid?
744 3333 859 3407 collega
886 3333 948 3392 eius
977 3334 1079 3391 Iunius
1107 3331 1216 3390 eodem
1231 3358 1255 3394 ³0

161 3428 239 3486 bello
266 3445 366 3485 nonne
402 3436 576 3502 tempestate
613 3428 737 3486 classem
764 3429 868 3498 amisit,
897 3447 966 3486 cum
993 3428 1130 3503 auspiciis
1156 3445 1217 3485 non

160 3523 323 3598 paruisset?
364 3524 468 3596 Itaque
483 3522 623 3581 Claudius
637 3541 656 3580 a
673 3524 783 3598 populo
805 3523 1020 3581 condemnatus
1041 3532 1094 3594 est,
1117 3523 1217 3581 Iunius

129 3636 266 3676 snecem
295 3618 350 3676 sibi
378 3619 441 3693 ipse
469 3619 619 3676 conscivit.
662 3619 697 3676 C.
728 3618 903 3677 Flaminium
931 3619 1051 3677 Coelius
1078 3618 1217 3693 religione

161 3714 296 3789 neglecta
320 3713 463 3772 cecidisse
487 3711 567 3789 apud
591 3715 804 3773 Trasumenum
828 3715 928 3772 scribit
951 3732 1021 3772 cum
1045 3731 1154 3789 magno
1177 3713 1218 3771 rei

108 3833 122 3874 a
161 3810 296 3887 publicae
330 3810 458 3869 vulnere.
519 3810 654 3884 Quorum
687 3811 776 3869 exitio
812 3810 940 3886 intellegi
970 3820 1077 3886 potest
1117 3827 1218 3870 eorum
1231 3841 1256 3881 ,ς
