2932 4364
451 395 517 445 ιιι.
535 394 572 445 ιι.
604 395 1036 464 cmxxrr-xx1uss5e62.
1148 464 1150 468 Ι
1233 396 1279 467 97

222 544 277 606 bus
291 546 396 605 nostris
407 548 580 606 constitutae
592 548 816 624 nominataeque
827 559 902 608 sunt.
945 550 1095 626 Quicquid
1106 551 1185 610 enim
1198 570 1278 628 mag·

223 661 291 702 nam
305 643 457 702 utilitatem
477 644 578 719 generi
592 643 718 702 adferret
731 644 870 718 humano,
885 644 917 704 id
930 662 992 704 non
1005 646 1068 704 sine
1083 645 1181 705 divina
1194 647 1278 706 boni·

222 748 282 799 tate
297 757 366 816 erga
379 740 513 799 homines
524 740 586 798 fieri
598 740 817 800 arbitrabantur.
847 743 950 817 ltaque
961 751 1023 800 tum
1037 741 1117 815 illud,
1127 743 1208 819 quod
1219 753 1279 802 erat
1295 747 1312 804 l.

223 835 314 894 adeo
327 845 437 907 natum,
449 836 569 894 nomine
584 836 673 911 ipsius
687 836 736 895 dei
751 838 968 914 nuncupabant,
983 847 1016 896 ut
1030 858 1098 897 cum
1112 839 1278 915 frugesCe·

193 951 205 991 ι
223 948 316 1018 rerem
330 932 522 1007 appellamus,
530 932 630 990 vinum
645 942 742 991 autem
758 933 903 1006 Liberum,
919 952 956 992 ex
972 953 1032 1010 quo
1046 934 1118 994 illud
1130 934 1278 993 Terentiit

290 1059 304 1084 ⁵
332 1060 334 1066 ⁵
364 1078 450 1139 Sine
479 1079 613 1139 Cerere
641 1090 675 1138 et
703 1080 838 1141 Libero
865 1080 976 1158 friget
1001 1081 1139 1154 Venus,

224 1234 286 1286 tum
300 1236 397 1286 autem
410 1245 456 1285 res
470 1225 542 1302 ipsa,
556 1226 587 1285 in
601 1225 715 1302 quavis
735 1225 811 1284 inest
831 1227 923 1286 maior
935 1227 1039 1302 aliqua,
1053 1227 1096 1285 sic
1109 1227 1279 1302 appellatur,
1293 1244 1317 1286 u

224 1332 257 1381 ut
270 1340 306 1380 ea
319 1323 383 1398 ipsa
396 1323 563 1381 nominetur
577 1320 658 1393 deus,
674 1331 706 1379 ut
721 1321 817 1392 Fides,
833 1331 864 1380 ut
885 1324 982 1394 Mens,
997 1341 1069 1398 quas
1090 1323 1120 1381 in
1135 1323 1280 1399 Capitolio

225 1416 376 1475 dedicatas
392 1416 525 1476 videmus
546 1417 677 1492 proxime
699 1435 717 1475 a
738 1418 781 1475 M.
796 1417 921 1475 Aemilio
943 1419 1052 1477 Scauro
1062 1436 1071 1490 ;
1092 1426 1161 1475 ante
1183 1426 1280 1493 autem

189 1536 214 1565 ιο
226 1512 264 1572 ab
286 1514 325 1572 A.
350 1513 438 1572 Atilio
463 1513 598 1573 Calatino
625 1520 686 1571 erat
714 1511 803 1571 Fides
831 1522 1009 1574 consecrata
1049 1512 1142 1573 Vides
1162 1514 1281 1573 Virtutis

226 1610 375 1687 templum,
389 1609 472 1670 vides
488 1610 618 1670 Honoris
636 1629 653 1668 a
668 1611 711 1670 M.
727 1610 868 1670 Marcello
888 1621 1068 1683 renovatum,
1083 1610 1164 1689 quod
1185 1612 1281 1671 multis

226 1717 293 1767 ante
314 1707 398 1767 annis
414 1708 567 1767 erat‘bello
583 1708 731 1786 Ligustico
746 1728 764 1768 a
778 1709 816 1784 Q.
833 1707 1157 1784 Maximo-dedicatum.
1176 1696 1177 1700 ¹
1200 1708 1282 1785 Quid

227 1803 322 1888 Opis?
353 1804 424 1881 quid
451 1805 576 1865 Salutis?
606 1804 676 1882 quid
705 1805 901 1878 Concordiae,
930 1806 1092 1877 Libertatis,
1114 1805 1283 1866 Victoriae?

227 1920 348 1978 quarum
363 1901 494 1961 omnium
508 1912 603 1962 rerum
617 1903 685 1978 quia
697 1903 740 1961 vis
755 1910 817 1975 erat
830 1911 919 1975 tanta
933 1910 965 1960 ut
982 1903 1045 1961 sine
1060 1901 1119 1961 deo
1139 1901 1208 1978 regi·
1221 1896 1282 1962 non

191 2025 216 2066 ις
228 2008 335 2073 posset,
351 1999 414 2074 ipsa
433 2017 478 2058 res
494 1999 616 2058 deorum
637 2017 748 2057 nomen
770 1990 903 2058 obtinuit.
947 2000 1016 2072 Quo
1037 2015 1073 2056 ex
1089 1991 1201 2074 'genere
1225 1999 1283 2058 Cu-

203 2090 207 2097 ’
227 2091 335 2168 pidinis
349 2102 379 2150 et
392 2093 556 2169 Voluptatis
571 2093 797 2152 etLubentinae
811 2093 934 2152 Veneris
949 2093 1093 2151 vocabula
1113 2102 1285 2152 consecrata

228 2197 304 2259 sunt,
324 2188 491 2246 vitiosarum
515 2175 610 2246 rerum
632 2205 729 2263 neque
751 2187 941 2261 naturalium3
966 2206 1144 2263 quamquam
1157 2188 1285 2246 Velleius

229 2284 310 2341 aliter
332 2284 494 2356 existimat3
515 2282 569 2341 sed
582 2293 745 2342 tamenea
765 2283 829 2358 ipsa
844 2284 913 2341 vitia
936 2293 1068 2341 naturam
1084 2282 1285 2343 vehementius

201 2419 204 2427 .
228 2396 316 2465 saepe
331 2379 455 2453 pulsant.
496 2379 661 2439 Utilitatum
674 2377 767 2453 igitur.
776 2377 975 2453 magnitudine
997 2377 1147 2436 constituti
1168 2386 1236 2437 sunt
1257 2378 1349 2447 eiu,

191 2500 218 2529 ω
229 2471 269 2544 di,
274 2491 334 2548 qur
326 2473 483 2531 utilitates
497 2490 626 2548 quasque
640 2472 808 2556 gignebant.
849 2474 946 2548 Atque
960 2472 1005 2532 hie
991 2472 1139 2548 equidem
1160 2473 1284 2532 nomini·

228 2569 293 2654 bus,
307 2585 381 2644 quae
402 2567 519 2697 paulo
510 2567 679 2676 antedicta
686 2577 779 2692 sunt,
780 2586 865 2693 quae
885 2568 928 2628 vis
950 2568 987 2628 sit
1009 2568 1038 2627 iu
1054 2586 1172 2669 quoque
1186 2567 1289 2665 decla-

228 2671 306 2723 ratur
325 2662 439 2723 deo
705 2687 708 2690 ⁴
748 2713 750 2718 ,
866 2680 869 2689 ’
894 2708 900 2719 .
929 2681 933 2687 ’

239 2759 403 2835 Suscepit
426 2768 525 2818 autem
544 2758 603 2818 vita
624 2757 789 2836 hominum
797 2758 1040 2836 consuetudoque
1063 2758 1237 2832 communis,
1251 2768 1283 2818 ut
1290 2766 1329 2824 24

228 2855 380 2918 beneficiis
393 2856 602 2915 excellentis
575 2875 651 2915 viros
665 2856 696 2916 in
710 2856 825 2917 caelum
839 2857 916 2916 sama
929 2875 966 2915 ac
979 2856 1127 2917 voluntate
1142 2856 1284 2916 tollerent.

192 2976 217 3016 as
231 2953 312 3013 Hinc
335 2953 489 3026 Hercules,
509 2952 578 3013 hinc
599 2954 704 3014 Castor
719 2962 757 3013 et
779 2954 904 3029 Pollux,
908 2953 977 3013 hinc
985 2953 1195 3046 Aesculapius,
1215 2952 1285 3013 hinc

232 3050 319 3110 Liber
333 3050 420 3109 etiam
439 3048 532 3127 (hunc
547 3045 616 3109 dico
631 3047 769 3111 Liberum
782 3050 898 3112 Semela
912 3061 1021 3122 natum,
1033 3066 1095 3110 non
1108 3059 1185 3123 eum,
1196 3066 1286 3126 quem

229 3139 319 3206 nostri
333 3147 456 3207 maiores
469 3157 612 3224 auguste
619 3157 779 3224 sancteque
797 3145 970 3227 [Liberum]
988 3166 1056 3205 cum
1071 3147 1177 3207 Cerere
1192 3155 1222 3205 et
1237 3146 1284 3205 Li-

229 3225 300 3303 bera
312 3253 564 3316 consecraverunt,
579 3244 661 3320 quod
674 3245 760 3321 quale
774 3246 820 3319 sit,
831 3248 869 3304 eit
876 3243 1024 3321 mysteriis
1030 3242 1166 3318 intellegi
1178 3245 1292 3319 potest.

230 3339 289 3422 Sed
311 3338 392 3414 quod
414 3358 452 3398 ex
472 3340 557 3399 nobis
580 3348 666 3417 natos
687 3341 827 3401 ‘liberos’
848 3340 1038 3416 appellamus,
1053 3337 1165 3397 idcirco
1179 3338 1286 3397 Cerere

193 3434 301 3504 ,anati
298 3423 456 3493 nomlnati
456 3443 527 3492 sunt
541 3435 629 3494 Liber
650 3446 681 3495 et
688 3437 817 3511 Libera,
832 3433 944 3510 quod
936 3453 967 3492 m
990 3433 1102 3493 Libera
1117 3431 1287 3502 servantia
1312 3480 1317 3491 .

227 3533 335 3592 Libero
354 3540 416 3591 tion
436 3532 536 3609 item),
554 3534 623 3592 hinc
643 3535 730 3593 etiam
747 3532 899 3605 Romulus,
914 3550 1004 3609 quem
1018 3531 1138 3607 quidem
1158 3528 1287 3588 eundem

230 3645 309 3689 esse
316 3630 471 3704 Quirinum
492 3641 614 3707 putant;
639 3642 763 3706 quorum
787 3648 855 3689 curn
879 3634 1064 3688 'remanerent
1086 3627 1175 3686 animi
1198 3629 1294 3701 atque'

229 3727 399 3785 aeternitate
420 3727 589 3799 fruerentur,
603 3725 656 3786 rite
670 3724 702 3785 di
722 3735 790 3786 sunt
810 3725 910 3798 habiti,
925 3742 993 3784 cum
1014 3732 1044 3783 et
1066 3721 1168 3799 optimi
1190 3727 1288 3834 essent

231 3832 260 3882 et
274 3823 393 3882 aeterni.
1040 3847 1042 3851 ·
1159 3839 1162 3845 ’
1210 3840 1220 3846 ··
