2932 4364
153 329 199 395 82,
482 340 533 389 DE
552 340 700 391 flattina
717 340 880 390 DFDRUH.

152 495 289 555 consules
309 512 384 554 eme.
425 497 558 571 Augures
576 513 641 553 rem
660 493 701 552 ad
718 504 873 567 senatum3
892 505 1021 567 senatus,
1041 506 1076 553 ut
1092 496 1212 555 abdim-

152 593 386 665 rentcousulet;
399 592 618 651 abdicmm
660 592 1214 669 Quaeqnaerimuseiemphmaioia?

151 692 205 750 Vir
220 691 452 767 sapientissimus
467 700 556 764 atque
575 688 656 746 haud
672 691 764 746 sciam
785 708 825 747 an
845 691 980 748 omnium
1001 694 1211 766 praestantissi-

153 785 826 864 muspeomtumsuumquodcelaripomet,
847 787 981 844 confiteri
1001 788 1102 845 maluit
1121 806 1212 863 quam

154 885 300 943 haerere
292 903 323 942 in
341 901 374 940 re
394 883 514 958 publica
532 882 714 956 religionem,
730 883 867 939 consules
887 901 1037 941 summum
1055 885 1211 960 imperium
1229 904 1243 942 s

153 982 252 1040 statim
278 980 431 1056 deponere
457 997 548 1054 quam
575 978 607 1036 id
633 989 734 1036 tenere
763 990 908 1054 punctum
939 981 1080 1056 temporis
1109 993 1212 1038 euntia

116 1091 141 1134 ra
154 1079 334 1154 religionem
384 1078 497 1152 Magna
522 1094 665 1152 augurum
691 1077 870 1149 auctoritas;
900 1076 995 1152 quid?
1023 1077 1210 1153 haruspicum

153 1194 200 1235 ars
212 1193 312 1235 nonne
326 1174 446 1233 diviua?
487 1175 574 1232 Haec
587 1183 617 1232 et
627 1174 849 1232 innumerabilia
860 1191 899 1232 ex
915 1173 1024 1232 eodem
1036 1192 1145 1250 genere
1158 1175 1211 1250 qui

152 1272 261 1345 videat,
288 1289 388 1330 nonne
416 1281 539 1346 cogatur
564 1271 699 1328 confiteri
725 1269 800 1329 deos
834 1271 921 1329 esse?
961 1270 1096 1345 Quorum
1129 1272 1227 1332 enim,

113 1371 324 1448 „interpretes
350 1377 427 1439 sunt,
455 1386 507 1426 eos
534 1368 615 1444 ipsos
643 1385 709 1426 esse
736 1377 816 1425 certe
847 1385 971 1425 necesse
1000 1366 1249 1439 audentiam„

152 1477 252 1526 autem
265 1466 439 1541 interpretes
452 1474 521 1522 sunt
529 1485 539 1536 ;
559 1463 635 1523 deos
647 1465 735 1539 igitur
753 1482 819 1523 esse
839 1465 990 1522 fateamur.
1030 1467 1071 1522 At
1090 1465 1211 1522 fortasse

150 1582 213 1622 non
231 1563 332 1622 omnia
354 1563 501 1632 eveniunt,
524 1579 602 1636 qnae
623 1561 778 1637 praedicta
797 1571 874 1619 sunt.
917 1562 966 1619 Ne
987 1561 1067 1636 aegri
1087 1559 1211 1636 quidem
1242 1604 1246 1608 a

151 1661 220 1734 quia
240 1677 302 1717 nou
321 1676 426 1717 omnes
447 1656 801 1727 convalescuntidciieo
820 1676 867 1714 ars
886 1658 968 1714 nulla
987 1657 1137 1714 medicina
1154 1668 1209 1715 est.

152 1756 240 1830 Signa
268 1753 463 1812 ostenduntur
492 1771 511 1810 a
539 1751 587 1811 dis
616 1770 714 1810 renim
744 1753 915 1810 futuramin
957 1753 995 1809 Iu
1026 1752 1072 1809 bis
1101 1753 1127 1810 si
1158 1754 1211 1828 qui

152 1860 326 1922 erraverunt,
359 1868 422 1908 non
454 1848 580 1908 deomm
613 1858 726 1920 natura,
760 1847 815 1907 sed
851 1848 1005 1907 hominum
1039 1849 1211 1907 coniectura
1223 1877 1247 1917 ις

150 1949 322 2026 peccavit-t
338 1949 442 2025 ltaque
456 1947 531 2006 inter
543 1945 641 2006 omnis
654 1946 788 2005 omnium
800 1947 932 2022 gentium
945 1964 1063 2005 summa
1074 1956 1191 2006 constat
1198 1967 1209 2022 ς

151 2050 1209 2128 ommbusenimiunatumestetinanimoqnasiinsculptummse

114 2135 235 2243 {deon
286 2151 396 2226 Quales
417 2151 484 2222 sint,
505 2150 617 2208 varium
639 2159 781 2222 estesse
801 2167 891 2207 nemo
913 2159 1010 2224 negat.
1052 2149 1209 2209 Cleanthes

151 2247 272 2324 quidem
286 2257 385 2306 noster
396 2255 534 2322 quattuor
546 2244 586 2303 de
606 2246 702 2303 causis
722 2244 796 2303 dixit
815 2246 846 2303 in
865 2246 971 2303 animis
991 2244 1144 2303 hominum
1164 2246 1208 2304 iii·

151 2345 288 2404 famaus
307 2342 431 2401 deorum
450 2359 516 2399 esse
536 2341 681 2400 notiones.
723 2341 851 2399 Primam
871 2342 969 2416 posuit
989 2359 1065 2412 eain,
1089 2340 1129 2400 de
1149 2359 1209 2416 qua
1220 2369 1247 2397 ω

152 2440 244 2499 modo
263 2439 334 2510 dixi,
353 2456 431 2514 quae
450 2448 515 2496 orta
533 2447 612 2495 esset
630 2454 669 2495 ex
688 2439 894 2513 praesensione
914 2456 1010 2496 rerum
1030 2438 1188 2496 futurarum
1197 2459 1208 2510 ;

72 2562 76 2567 ·
151 2538 279 2610 alteram,
303 2554 392 2613 quain
412 2535 576 2610 ceperimus
596 2551 634 2592 eii
654 2533 855 2610 magnitudine
875 2533 1111 2606 commodorum,
1132 2552 1209 2609 quae

151 2635 348 2710 percipiuntur
361 2632 434 2691 caeli
447 2631 669 2707 temperatione,
684 2630 862 2690 fecunditate
876 2640 1016 2688 terrarum
1029 2630 1209 2707 aliammque

113 2745 140 2807 ii
151 2730 395 2790 commoditatum
407 2730 592 2805 conplurium
606 2729 713 2805 copia;
733 2730 857 2800 tertiam,
871 2746 949 2803 quae
963 2738 1082 2786 terreret
1095 2729 1209 2788 animos

151 2829 327 2899 fulminibus,
341 2827 572 2902 tempestatibus,
587 2826 704 2898 nimbis,
716 2826 840 2896 nivibus,
854 2824 1053 2900 grandinibus,
1066 2826 1208 2896 vastitate,
1220 2855 1246 2894 ις

150 2923 323 2998 pestilentia,
357 2932 449 2979 terrae
484 2923 612 2980 motibus
646 2931 677 2980 et
709 2938 798 2996 saepe
832 2919 993 2978 fremitibus
1026 2920 1208 2995 lapideisque

151 3019 291 3076 imbribus
318 3026 348 3074 et
375 3018 462 3091 guttis
491 3017 626 3075 imbrium
652 3018 736 3092 quasi
763 3016 900 3086 cruentis,
927 3026 992 3073 tum
1018 3015 1131 3073 labibus
1157 3027 1208 3074 aut

132 3113 309 3189 ,repentinis
335 3122 474 3171 terrarum
502 3112 637 3184 hiatibus,
664 3123 727 3170 tum
754 3121 870 3188 praeter
895 3120 1028 3168 naturam
1054 3110 1207 3170 hominum

150 3207 359 3285 pecudumque
372 3208 523 3284 portentis,
536 3219 601 3266 tum
613 3208 725 3266 medius
745 3208 813 3265 visis
833 3206 1016 3277 caelestibus,
1036 3218 1100 3265 tuin
1120 3208 1208 3266 stellis

151 3309 194 3380 iis,
208 3325 281 3383 quas
295 3307 402 3367 Graeci
415 3317 556 3378 cometas,
570 3307 661 3366 nostri
680 3306 861 3365 cincinnatas
880 3316 998 3376 vocant,
1018 3323 1095 3382 quae
1114 3325 1209 3382 nuper
1220 3335 1247 3373 30

150 3405 227 3464 bello
251 3404 415 3464 Octaviano
442 3421 612 3479 magnarum
638 3403 754 3461 fierunt
781 3403 979 3461 calamitatum
1006 3403 1206 3478 praenuntiae,

150 3511 212 3560 tuin
226 3501 288 3560 sole
301 3501 459 3577 geminato,
474 3499 565 3576 quod,
578 3509 610 3558 ut
623 3516 641 3558 e
654 3510 737 3575 patre
750 3498 858 3571 audivi,
871 3499 1021 3559 Tuditano
1040 3509 1070 3558 et
1090 3500 1208 3575 Aquilio

149 3599 318 3657 consulibus
340 3606 486 3668 evenerat,
508 3614 569 3672 quo
593 3594 714 3672 quidem
736 3614 815 3654 anno
840 3597 873 3655 P.
895 3597 1048 3655 Africanus
1071 3596 1116 3654 sol
1136 3597 1208 3655 alter

149 3697 294 3754 extinctus
329 3703 382 3766 est,
417 3695 523 3769 quibus
556 3693 682 3752 exterriti
716 3692 851 3752 homines
877 3693 938 3751 vim
965 3693 1114 3768 quandam
1142 3711 1207 3752 esse

111 3792 306 3855 iicaelestem
334 3800 364 3849 et
391 3789 520 3849 divinam
546 3789 685 3865 suspicati
712 3798 798 3862 sunt3
826 3799 958 3865 quartam
985 3807 1105 3848 causam
1125 3807 1206 3862 eme,
1220 3821 1245 3859 2,
