2932 4364
459 395 525 445 Lm.
543 396 592 445 111.
626 396 840 446 crnxur-xv.
875 397 905 461 ts
918 396 1007 462 ³2-38·
1198 399 1257 466 147

208 557 304 606 tantur
325 565 385 605 uno
408 545 518 616 mod03
546 547 597 622 qui
619 547 758 622 quoniam
780 547 852 624 quid
874 547 986 607 diceret
1008 549 1134 625 intellegi
1156 550 1258 622 noluit,

208 644 374 702 omittamus
385 663 394 716 ;
421 661 473 700 vos
498 652 597 700 antem
622 643 662 701 ita
685 642 791 714 dicitis,
817 661 937 703 omnem
961 645 1020 703 vim
1044 663 1108 703 esse
1134 646 1258 720 igneam,

208 740 305 814 itaque
330 748 360 796 et
383 738 546 810 animantis,
570 757 639 797 cum
663 739 743 797 calor
767 739 916 812 defecerit,
938 749 1001 798 tum
1026 741 1151 814 interire,
1176 753 1204 799 et
1229 743 1260 800 in

208 834 289 892 omni
316 843 418 892 natura
444 852 539 893 rerum
564 833 595 892 id
619 834 724 905 vivere,
749 834 781 892 id
805 835 911 910 vigere,
936 835 1017 910 quod
1045 837 1148 896 caleat.
1193 839 1259 913 Ego

178 949 190 989 s
209 940 307 988 autern
322 948 382 988 non
396 930 541 1005 intellego,
556 948 616 1005 quo
633 929 725 988 modo
742 930 838 988 calore
860 931 990 990 extincto
1012 951 1135 1008 corpora
1155 933 1259 992 intere-

209 1036 268 1098 ant,
291 1045 351 1085 non
374 1026 518 1085 intereant
538 1045 640 1085 umore
663 1036 713 1085 aut
734 1027 835 1102 spiritu
857 1028 974 1101 amisso,
997 1030 1167 1104 praesertim
1191 1048 1260 1090 cum

210 1123 352 1181 intereant
372 1124 461 1182 etiam
482 1124 573 1182 nimio
594 1124 700 1183 calore.
743 1125 842 1198 Quam
860 1125 900 1184 ob
918 1143 980 1183 rem
998 1124 1028 1184 id
1043 1126 1163 1200 quidem
1177 1146 1258 1186 com·
1271 1148 1298 1190 no

209 1239 298 1278 mune
312 1229 357 1278 est
371 1218 409 1278 de
424 1220 541 1294 calid03
559 1239 659 1279 verum
673 1232 773 1279 tamen
786 1220 938 1280 videamus
952 1224 1073 1281 exitum.
1107 1226 1152 1283 Ita
1165 1225 1259 1296 voltis,

210 1316 322 1392 opinor,
345 1316 416 1374 nihil
440 1334 503 1374 esse
528 1316 636 1375 animal
659 1317 831 1376 intrinsecus
857 1319 887 1376 in
910 1328 1012 1376 natura
1035 1329 1123 1394 atque
1146 1319 1259 1378 mundo

174 1438 198 1465 ιο
210 1421 323 1487 praeter
345 1413 453 1487 ignem.
496 1413 555 1486 Qui
577 1412 669 1488 magis
690 1431 779 1487 quam
801 1423 916 1489 praeter
937 1415 1075 1486 animam,
1097 1415 1176 1473 unde
1197 1415 1258 1473 ani-

210 1511 351 1567 mantium
365 1527 483 1585 quoque
498 1518 613 1567 constet
627 1509 750 1581 animus,
767 1527 804 1567 ex
817 1527 877 1584 quo
897 1510 1005 1568 animal
1023 1510 1149 1569 dicitur?
1190 1512 1259 1585 Quo

210 1606 301 1665 modo
315 1617 414 1665 autem
429 1606 496 1678 hoc,
511 1605 594 1682 quasi
612 1603 801 1678 concedatur,
816 1606 937 1679 sumitis,
952 1607 1024 1665 nihil
1045 1625 1109 1666 esse
1130 1608 1260 1667 animum

210 1704 265 1763 nisi
286 1705 406 1781 ignem?
432 1703 608 1780 probabilius
629 1703 709 1762 enim
729 1702 845 1762 videtur
868 1703 925 1761 tale
950 1704 1093 1780 quiddam
1113 1724 1177 1764 esse
1198 1705 1259 1764 ani·
1341 1702 1344 1707 ’

211 1821 302 1872 mum,
317 1810 349 1859 ut
362 1801 399 1859 sit
412 1819 450 1859 ex
463 1800 522 1876 igni
537 1810 624 1876 atque
638 1800 737 1858 anima
749 1809 953 1876 temperatum.
995 1800 1111 1875 Quodsi
1131 1802 1205 1878 ignis
1224 1820 1262 1861 ex

176 1926 199 1965 ις
212 1917 275 1957 sese
290 1899 352 1975 ipse
366 1897 474 1956 animal
488 1906 533 1955 est
545 1897 625 1955 nulla
638 1915 670 1955 se
684 1897 740 1955 alia
753 1896 935 1955 admiscente
950 1906 1062 1970 natura,
1073 1898 1212 1973 quoniam
1227 1898 1261 1970 is,

212 2014 281 2053 cum
295 1995 369 2053 inest
388 1994 418 2052 in
433 1995 605 2069 corporibus
618 1993 733 2064 nostris,
749 1993 847 2065 efficit,
861 2002 894 2052 ut
908 1994 1075 2066 sentiamus,
1089 2012 1151 2052 non
1165 2003 1263 2071 potest

213 2092 275 2166 ipse
297 2109 361 2149 esse
382 2091 445 2149 sine
466 2108 562 2148 sensu.
604 2091 715 2148 Rursus
737 2088 843 2147 eadem
864 2088 924 2147 dici
941 2099 1083 2164 possunt:
1110 2089 1264 2164 Quidquid

214 2197 258 2246 est
278 2187 366 2259 enim,
381 2186 464 2262 quod
484 2204 602 2263 sensum
622 2183 737 2258 habeat,
752 2184 784 2243 id
800 2202 922 2243 necesse
941 2194 986 2244 est
1000 2185 1104 2244 sentiat
1118 2196 1148 2244 et
1161 2186 1264 2262 volup-

212 2294 303 2344 tatem
324 2294 354 2343 et
373 2282 525 2357 dolorem3
554 2283 593 2342 ad
613 2301 702 2359 quem
723 2291 821 2340 antem
842 2281 927 2340 dolor
946 2283 1051 2355 veniat,
1073 2282 1111 2342 ad
1136 2283 1264 2343 eundem

176 2383 301 2440 „etiam
323 2381 472 2451 interitum
493 2381 601 2438 venire.
644 2381 689 2437 Ita
711 2380 751 2451 fit,
771 2388 803 2436 ut
825 2397 863 2436 ne
887 2379 985 2454 ignem
1007 2379 1127 2454 quidem
1148 2381 1264 2438 efficere

213 2477 329 2555 possitis
349 2487 509 2535 aeternum.
552 2475 634 2550 Quid
651 2477 751 2534 enim?
771 2494 831 2533 non
853 2475 965 2533 eisdem
979 2476 1061 2560 vobis
1082 2476 1180 2552 placet
1201 2495 1264 2534 om·
1276 2498 1303 2541 tr

214 2592 283 2631 nem
304 2574 402 2648 ignem
425 2581 524 2647 pastus
547 2571 676 2645 indigere
699 2588 756 2628 nec
778 2588 950 2646 permanere
973 2572 1031 2628 ullo
1054 2570 1145 2628 modo
1167 2589 1263 2645 posse,

214 2668 269 2725 nisi
291 2668 402 2736 alatur?
426 2666 464 2724 ali
485 2675 584 2723 autem
605 2665 707 2735 solem,
731 2665 839 2735 lunam,
862 2666 972 2739 reliqua
995 2675 1072 2723 astra
1095 2665 1187 2739 aquis,
1208 2666 1265 2722 alia

213 2761 357 2833 dulcibus,
378 2762 434 2819 alia
454 2761 593 2820 marinis?
634 2761 767 2834 Eamque
785 2777 904 2817 causam
918 2759 1076 2818 Cleanthes
1095 2759 1197 2831 adfert,
1212 2779 1265 2818 cur

177 2880 202 2920 aa
215 2877 246 2917 se
267 2859 310 2917 sol
331 2859 436 2916 referat
456 2875 513 2915 nec
534 2855 648 2931 longius
669 2855 870 2931 progrediatur
890 2854 1029 2913 solstitiali
1050 2854 1114 2914 orbi
1134 2855 1263 2931 itemque

213 2955 344 3027 brumali,
369 2973 407 3013 ne
431 2954 545 3028 longius
570 2951 705 3010 discedat
728 2970 746 3009 a
769 2951 847 3010 cibo.
890 2952 961 3009 Hoc
988 2959 1082 3009 toturn
1106 2951 1191 3026 quale
1216 2953 1263 3025 sir,

214 3072 284 3112 mox
294 3072 303 3126 ;
327 3070 408 3110 nunc
428 3060 526 3108 autem
547 3047 859 3142 concludaturtilludQ
872 3047 955 3124 quod
975 3047 1091 3106 interire
1111 3048 1212 3125 possit,
1234 3049 1265 3108 id

214 3161 365 3214 aeternum
386 3167 447 3208 non
466 3166 530 3207 esse
544 3157 665 3215 natura;
687 3147 786 3223 ignem
802 3155 901 3205 autem
920 3145 1101 3205 interiturum
1122 3164 1197 3219 esse,
1210 3146 1266 3205 nisi

215 3249 324 3322 alatnr3
346 3267 408 3306 non
421 3265 485 3305 esse
500 3246 586 3321 igitur
599 3254 701 3303 natura
715 3244 812 3320 ignem
828 3243 1048 3319 sempiternum.

178 3377 204 3416 ,ο
256 3345 381 3420 Qualem
402 3353 501 3401 autem
522 3341 611 3400 deum
633 3340 799 3416 intellegere
820 3358 875 3398 nos
896 3358 1051 3416 possumus
1070 3340 1149 3398 nulla
1162 3323 1309 3430 virtute}

215 3440 400 3518 praeditum?
447 3437 527 3512 Quid
549 3437 648 3495 enim?
675 3435 900 3510 prudentiamne
922 3434 980 3492 deo
1001 3435 1168 3507 tribuemus,
1191 3455 1265 3510 quae

215 3544 331 3594 constat
345 3553 382 3592 ex
396 3534 518 3592 scientia
532 3550 628 3591 rerum
642 3531 787 3590 bonarum
801 3540 831 3588 et
845 3530 986 3588 malarum
1000 3539 1030 3588 et
1048 3548 1104 3588 nec
1123 3530 1266 3589 bonamm

215 3650 271 3689 nec
291 3630 452 3688 malarum?
493 3628 549 3688 Cui
567 3628 635 3685 mali
656 3626 728 3684 nihil
749 3636 870 3684 estnec
891 3643 956 3683 esse
977 3634 1083 3701 potest,
1106 3625 1177 3701 quid
1198 3625 1265 3685 hnic

216 3746 290 3803 opus
313 3736 356 3784 est
379 3725 488 3783 dilectu
510 3725 655 3783 bonorum
677 3731 708 3780 et
730 3721 894 3779 malorum?
920 3719 992 3797 quid
1014 3730 1113 3779 autem
1133 3722 1267 3781 ratione?

178 3850 203 3890 ³3
216 3824 288 3900 quid
306 3822 523 3899 intellegentia?
546 3821 652 3897 quibus
671 3819 779 3879 utimur
798 3816 838 3878 ad
858 3836 927 3876 eam
940 3836 1017 3906 «rem,
1034 3825 1067 3876 ut
1086 3818 1192 3895 apertis
1213 3818 1265 3879 ob-
