2932 4364
160 385 233 480 ¹²⁶,
456 419 464 425 -
484 398 533 449 na
553 397 698 449 nurum
721 396 881 447 osonum.

157 544 335 630 figurarum.
351 597 359 612 .
374 597 382 612 .
398 532 685 643 ,flunmenustatem
699 539 787 626 atque
801 549 936 610 ordinem
950 558 989 622 et,
1000 558 1033 608 ut
1046 549 1087 608 ita
1100 548 1208 621 dicam,

157 651 324 709 decentiam
348 651 425 709 oculi
450 650 589 721 iudicant,
610 660 698 725 atque
723 649 812 706 etiarn
835 648 891 705 alia
916 648 1035 706 maiora.
1079 648 1157 706 Nam
1181 657 1210 706 et

156 747 275 805 virtutes
300 757 330 803 et
351 748 419 804 vitia
442 756 625 821 cognoscunt
637 766 645 818 ;
667 746 771 802 iratum
794 745 962 819 propitium,
977 744 1134 802 laetantem
1156 744 1209 801 do-

157 842 275 912 lentem,
303 842 408 899 sortem
443 841 588 916 ignavum,
616 840 759 898 audacem
786 840 981 913 timidumque
1016 849 1209 914 cognoscunt.

114 937 337 1013 ltoAuriumque
358 937 428 995 item
449 948 493 995 est
513 935 682 995 admirabile
696 933 848 1010 quoddam
868 935 1114 1010 artificiosumque
1134 935 1208 992 iudi·
1230 961 1242 998 ⁵

158 1035 246 1104 cium,
268 1052 328 1110 quo
350 1033 494 1092 iudicatur
517 1042 548 1091 et
571 1033 600 1090 in
623 1033 704 1092 vocis
732 1044 763 1090 et
786 1033 816 1090 in
838 1032 973 1090 tibiarum
996 1048 1210 1106 nervorumque

159 1131 292 1190 cantibus
305 1131 427 1191 varietas
446 1148 595 1202 sonorum,
610 1129 766 1204 intervalla,
781 1128 930 1187 distinctio
951 1138 981 1187 et
1000 1129 1082 1187 vocis
1102 1146 1211 1204 genera

159 1228 311 1305 permulta,
326 1247 465 1286 canorum
487 1227 611 1299 luseum,
627 1227 690 1284 leve
711 1218 857 1302 asperum,
872 1244 958 1302 grave
980 1235 1109 1297 acutum,
1130 1225 1209 1283 flexi-

159 1324 217 1383 bile
230 1325 345 1397 durum,
360 1342 435 1400 quae
451 1324 602 1382 hominum
618 1322 712 1382 solum
726 1321 843 1381 auribus
857 1322 1032 1382 iudicantur.
1074 1323 1209 1381 Narium-

157 1438 214 1496 que
235 1422 305 1499 item
326 1433 356 1479 et
375 1421 510 1496 gustandi
533 1420 638 1494 pariter
659 1429 688 1476 et
710 1417 850 1492 tangendi
876 1437 983 1494 magna
1006 1419 1113 1479 iudicia
1134 1433 1209 1482 sunt.
1224 1453 1249 1480 ιο

157 1516 204 1576 Ad
224 1536 298 1593 quos
319 1537 420 1577 sensus
441 1516 602 1593 capiendos
623 1528 652 1574 et
673 1517 865 1591 perfruendos
888 1517 984 1591 plures
1007 1518 1104 1589 etiam,
1122 1537 1210 1594 quam

157 1617 270 1688 vellem,
285 1627 360 1674 artes
373 1627 504 1691 repertae
518 1624 595 1674 sunt.
637 1615 827 1689 Perspicuum
848 1623 892 1672 est
913 1615 1001 1686 enim,
1016 1633 1077 1690 quo
1096 1633 1208 1690 conpo-

158 1713 276 1770 sitiones
290 1723 514 1787 unguentorum,
529 1728 588 1787 quo
606 1712 738 1769 ciborum
761 1709 955 1783 conditiones,
970 1729 1030 1786 quo
1051 1717 1209 1787 corporum

159 1809 303 1866 lenocinia
316 1809 518 1883 processerint.

116 1893 168 2002 ¹53
202 1906 265 1962 lam
279 1913 348 1961 vero
362 1904 492 1961 animum
506 1903 602 1978 ipsum
616 1911 805 1977 mentemque
820 1903 956 1975 hominis,
970 1904 1122 1975 rationem,
1137 1922 1209 1962 con·
1224 1932 1248 1971 ις

147 1999 464 2083 ¹siliirm,.prudentiam
478 1999 528 2075 qui
542 2017 603 2058 non
617 1999 716 2057 divina
736 2017 807 2056 cura
826 2000 957 2075 perlecta
977 2018 1041 2059 esse
1061 2000 1209 2077 perspicit,

160 2099 184 2157 is
199 2098 242 2157 his
256 2098 325 2173 ipsis
338 2097 424 2155 rebus
439 2097 509 2154 mihi
523 2095 637 2155 videtur
650 2114 757 2154 carere.
800 2097 847 2155 De
861 2114 921 2172 quo
935 2097 1007 2155 dum
1021 2097 1209 2174 disputarem,

160 2205 240 2254 tuam
254 2195 325 2253 mihi
339 2193 401 2252 dari
421 2194 535 2266 vellem,
550 2195 648 2265 Cotta,
671 2193 878 2269 eloquentiam.
921 2194 990 2269 Quo
1011 2195 1091 2253 enirn
1111 2205 1142 2253 tu
1163 2197 1211 2254 illa

160 2290 253 2350 modo
267 2291 399 2348 diceres!
420 2300 529 2364 quanta
542 2290 674 2364 primum¹
684 2289 887 2363 intellegentia,
902 2289 1012 2348 deinde
1027 2307 1210 2367 consequen-

160 2389 234 2446 tium
261 2404 355 2449 rerum
377 2404 446 2443 cum
469 2385 569 2460 primis
594 2385 763 2444 coniunctio
788 2394 818 2443 et
842 2386 1058 2461 conprehensio
1082 2397 1160 2446 esset
1180 2389 1210 2447 in
1224 2414 1250 2442 ω

125 2510 132 2524 ·
160 2484 262 2556 nobis3
282 2501 319 2541 ex
332 2501 392 2558 quo
406 2481 551 2553 videlicet,
566 2481 638 2557 quid
652 2499 689 2540 ex
703 2483 866 2557 quibusque
887 2484 974 2541 rebus
995 2483 1145 2556 efficiatur,
1166 2483 1210 2543 id-

161 2599 218 2657 que
232 2580 343 2638 ratione
357 2579 560 2638 concludimus
574 2579 758 2655 singulasque
772 2596 818 2651 res
832 2578 989 2638 definimus
1009 2581 1210 2656 circumscrip-

161 2689 249 2754 teque
277 2675 516 2752 complectimur;
544 2693 582 2733 ex
603 2693 663 2751 quo
691 2676 813 2734 scientia
839 2676 1013 2752 intellegitur
1040 2696 1129 2753 quam
1153 2679 1211 2738 vim

162 2775 268 2834 habeat
281 2774 427 2848 qualisque
440 2773 485 2844 sit,
500 2790 559 2847 qua
571 2790 609 2830 ne
624 2773 654 2832 in
668 2771 727 2830 deo
741 2772 861 2848 quidem
876 2783 920 2831 est
933 2791 979 2832 res
992 2774 1051 2833 ulla
1064 2785 1212 2851 praestan-

161 2874 225 2931 tior.
267 2870 385 2945 Quanta
400 2887 470 2928 vero
491 2868 539 2927 illa
558 2879 634 2941 sunt,
649 2887 724 2944 quae
746 2888 798 2928 vos
820 2869 992 2929 Academici
1012 2872 1162 2931 infirmatis
1183 2882 1213 2931 et
1225 2898 1250 2938 ις

114 2975 128 3016 't
161 2968 268 3038 tollitis,
283 2966 363 3042 quod
378 2976 408 3023 et
421 2965 553 3023 sensibus
570 2967 605 3024 et'
616 2967 716 3024 animo
736 2983 780 3037 ea,
795 2984 871 3041 quae
893 2977 974 3026 extra
994 2977 1072 3038 sunt,
1087 2969 1212 3045 percipi-

119 3083 227 3128 tumus
247 3074 334 3138 atque
355 3061 602 3138 conprendimus!
627 3080 664 3120 ex
682 3064 787 3138 quibus
804 3064 925 3122 conlatis
946 3064 1021 3123 inter
1040 3083 1072 3124 se
1091 3075 1121 3124 et
1142 3083 1212 3124 con·

163 3162 268 3238 paratis
292 3170 367 3219 artes
390 3176 508 3235 quoque
533 3159 676 3219 efficimus
702 3161 806 3236 partim
830 3158 870 3219 ad
893 3179 978 3220 usum
999 3161 1084 3235 vitae,
1108 3164 1213 3240 partim

164 3259 202 3318 ad
216 3258 443 3332 oblectationem
457 3257 644 3315 necessarias.
687 3258 751 3317 Iam
766 3276 835 3317 vero
849 3256 970 3317 domina
990 3277 1094 3332 rerum,
1109 3272 1141 3319 ut
1160 3279 1213 3321 vos

163 3357 262 3416 soletis
289 3355 397 3427 dicere,
426 3353 584 3430 eloquendi
611 3354 663 3426 vis,
691 3372 778 3429 quam
807 3365 851 3414 est
885 3357 1033 3431 praeclara
1066 3376 1212 3434 quamque
1227 3383 1252 3420 ³0

132 3476 147 3519 r,
163 3452 281 3511 divinat
302 3469 377 3527 quae
391 3451 518 3526 primum
538 3450 636 3522 efficit,
652 3460 683 3509 ut
704 3461 733 3509 et
754 3469 798 3522 ea,
809 3468 889 3526 ‘quae
911 3453 1085 3527 ignoramus,
1101 3452 1213 3513 discere

163 3561 192 3608 et
206 3568 251 3620 ea,
266 3565 341 3624 quae
362 3548 478 3618 scimus,
493 3546 565 3606 alios
586 3545 693 3605 docere
714 3548 880 3622 possimus;
901 3547 1010 3607 deinde
1021 3578 1023 3583 ·
1033 3550 1088 3607 hac
1109 3549 1214 3608 cohor-

163 3657 266 3716 tamur,
282 3646 338 3703 hac
352 3643 571 3720 persuademus,
586 3643 642 3700 hac
661 3645 846 3702 consolamur
866 3645 999 3716 afflictos,
1015 3645 1071 3703 hac
1092 3644 1213 3704 deduci·
1273 3653 1277 3660 ’

162 3760 227 3800 mus
255 3741 421 3816 perterritos
448 3758 467 3796 a
493 3740 606 3810 timore,
635 3738 690 3795 hac
717 3740 875 3813 gestientes
910 3740 1130 3815 conprimimus,
1150 3742 1215 3799 bac

163 3837 337 3914 cupiditates
359 3833 581 3910 iracundiasque
602 3835 814 3910 restinguimus,
837 3835 910 3893 haec
932 3854 987 3894 nos
1009 3837 1085 3909 iuris,
1106 3838 1213 3912 legum,
1228 3864 1252 3903 35
