2932 4364
561 362 625 411 utu.
638 363 673 412 11.
706 364 870 424 cn.x‚x1.
905 366 935 429 55
949 378 1037 428 24-30.
1283 354 1325 430 87

271 510 350 571 tione
381 513 571 573 recalescunt.
622 516 690 590 Ipse
722 534 791 574 vero
823 516 880 589 aiir,
912 517 963 592 qui
993 526 1096 576 natura
1126 528 1170 576 est
1198 518 1324 578 maxime

271 607 399 682 frigidus,
414 609 534 666 minime¹
549 618 592 667 est
614 628 717 684 expers
739 611 861 685 caloris3
883 613 929 669 ille
951 630 1019 670 vero
1041 622 1070 670 et
1091 613 1183 671 multo
1204 613 1324 688 quidem
1336 628 1363 671 tr

271 705 367 763 calore
382 705 528 764 admixtus
543 716 605 778 est3
628 707 690 781 ipse
706 709 785 766 enim
799 709 887 767 oritur
902 727 939 766 ex
953 709 1141 784 respiratione
1163 727 1323 786 aquarum;

271 819 371 858 earum
392 802 472 859 enirn
493 803 575 877 quasi
596 821 687 877 vapor
710 803 830 878 quidam
851 805 901 862 a'e'r
921 803 1076 863 habendus
1097 815 1141 864 est
1151 826 1160 880 3
1182 807 1206 865 is
1226 819 1324 866 autem
1353 833 1355 837 ⁴

239 910 251 950 ⁵
270 897 365 955 existit
389 906 470 955 motu
496 898 557 955 eius
582 898 693 970 caloris,
715 900 764 974 qui
786 901 868 974 aquis
889 901 1064 961 continetur.
1108 902 1206 976 Quam
1226 903 1324 961 simili·

269 993 403 1052 tudinem
431 1012 551 1052 cernere
582 1013 736 1070 possumus
766 995 797 1053 in
827 996 861 1054 iis
891 997 983 1072 aquis,
1016 1017 1091 1074 quae
1124 999 1325 1060 ecservescunt

270 1082 391 1142 subditis
413 1083 537 1159 ignibus.
588 1085 650 1142 Iam
673 1102 743 1143 vero
766 1086 877 1161 reliqua
896 1097 998 1162 quarta
1018 1105 1084 1170 pars
1105 1089 1217 1160 mundi,
1238 1108 1274 1147 ea
1294 1099 1324 1147 et

270 1179 332 1253 ipsa
345 1188 408 1236 tota
421 1187 523 1237 natura
536 1179 647 1238 fervida
660 1188 704 1237 est
718 1189 748 1238 et
762 1182 867 1240 ceteris
881 1183 989 1240 naturis
1010 1183 1147 1248 omnibus
1169 1185 1323 1243 salutarem

269 1274 386 1348 inpertit
405 1280 435 1331 et
453 1274 569 1332 vitalem
588 1275 724 1333 calorem.
768 1277 814 1333 Ex
834 1278 1108 1351 quo-concluditur,
1129 1297 1199 1336 cum
1219 1299 1322 1338 omnes
1334 1296 1361 1335 as
1385 1303 1401 1350 q

233 1391 257 1419 ιο
270 1368 372 1427 mundi
393 1379 490 1445 partes
506 1370 702 1428 sustineantur
722 1371 827 1443 calore,
849 1372 992 1431 mundum
1014 1374 1101 1431 etiam
1122 1375 1217 1449 ipsum
1239 1375 1323 1433 simili

269 1465 388 1540 parique
403 1473 506 1523 natura
518 1465 549 1523 in
563 1475 644 1523 tanta
658 1464 846 1525 diuturnitate
864 1468 978 1538 servari,
1000 1485 1095 1542 eoque
1118 1469 1219 1544 magis,
1240 1469 1323 1543 quod

269 1562 395 1639 intellegi
412 1561 502 1621 debet
523 1561 652 1622 calidum
675 1563 746 1622 illud
766 1572 853 1640 atque
874 1564 992 1639 igneum
1014 1563 1054 1622 ita
1073 1564 1104 1623 in
1125 1565 1206 1623 omni
1226 1565 1322 1624 lusum

270 1678 335 1720 esse
349 1669 460 1733 natura,
474 1670 507 1719 ut
527 1660 558 1719 in
578 1679 616 1720 eo
638 1660 704 1720 insit
725 1661 899 1737 procreandi
919 1661 961 1720 vis
982 1670 1012 1721 et
1032 1680 1122 1721 causa
1141 1661 1290 1738 gignendi,
1305 1681 1325 1722 a

270 1776 329 1834 quo
344 1768 373 1817 et
387 1758 545 1817 animantia
559 1759 659 1818 omnia
673 1768 703 1819 et
716 1778 761 1832 ea,
775 1778 900 1836 quorum
914 1759 1018 1836 stirpes
1031 1769 1107 1818 terra
1127 1760 1322 1834 continentur,

234 1874 257 1914 ιι
270 1866 300 1915 et
314 1856 393 1914 nasci
408 1856 444 1914 sit
457 1874 579 1915 necesse
595 1866 625 1915 et
639 1875 805 1932 augescere.

310 1955 422 2030 Natura
441 1963 486 2013 est
506 1953 599 2030 igitur,
615 1972 690 2028 quae
713 1955 861 2012 contineat
883 1955 1027 2014 mundum
1051 1973 1171 2013 omnem
1193 1939 1362 2046 eumquelffi}
1390 1935 1397 2000 l

270 2059 392 2121 tueatur,
407 2060 437 2108 et
457 2068 493 2108 ea
512 2049 634 2124 quidem
654 2068 715 2108 non
738 2050 801 2108 sine
823 2069 910 2108 sensu
935 2060 1023 2126 atque
1046 2052 1159 2109 ratione
1170 2071 1178 2124 3
1200 2070 1322 2110 omnem

270 2145 349 2203 enim
362 2155 494 2204 naturam
509 2123 630 2203 necesse
645 2153 698 2216 est,
713 2163 788 2221 quae
803 2163 864 2203 non
877 2146 1003 2204 solitaria
1020 2146 1058 2204 sit
1075 2163 1175 2221 neque
1189 2146 1321 2222 simplex,

270 2241 323 2299 sed
340 2259 408 2300 cum
428 2241 485 2299 alio
507 2240 606 2299 iuncta
626 2250 714 2315 atque
736 2258 858 2312 conexa,
874 2240 981 2300 habere
998 2242 1125 2316 aliquem
1144 2241 1175 2299 in
1194 2260 1226 2301 se
1243 2241 1322 2317 prin·

233 2338 409 2412 eocipatum,
437 2347 469 2395 ut
503 2337 533 2396 in
567 2336 687 2396 homine
716 2346 855 2409 mentem,
886 2338 914 2395 in
943 2336 1029 2396 belua
1056 2336 1200 2412 quiddam
1229 2338 1322 2396 simile

269 2433 383 2504 mentis,
398 2432 478 2491 unde
499 2433 627 2491 oriantur
646 2450 742 2491 rerum
763 2432 918 2507 adpetitus.
960 2434 996 2490 In
1016 2432 1152 2492 arborum
1172 2442 1271 2492 autem
1293 2443 1323 2493 et

269 2547 369 2587 earum
390 2547 495 2602 rerum,
517 2547 593 2604 quae
621 2530 777 2604 gignuntur
804 2547 820 2586 e
848 2537 931 2599 terra,
954 2528 1132 2587 radicibus'
1124 2548 1219 2587 messe
1244 2529 1322 2604 prin·

269 2625 382 2700 cipatus
415 2633 540 2700 putatur.
583 2624 780 2699 Principatum
815 2634 914 2682 autem
942 2623 973 2682 id
1001 2624 1079 2696 dico,
1105 2624 1187 2699 quod
1214 2625 1322 2684 Graeci
1384 2672 1387 2681 .

268 2718 432 2799 ηγεμονικόν
443 2729 558 2792 vocant,
573 2737 633 2793 quo
653 2717 753 2776 nihil'
746 2738 776 2777 ιιι
797 2736 916 2820 quoque
938 2737 1045 2794 genere
1068 2738 1124 2778 nec
1145 2729 1242 2803 potest
1263 2738 1321 2779 nec
1353 2725 1379 2752 ⁷

231 2837 255 2876 ει
268 2814 357 2874 debet
379 2834 442 2874 esse
466 2815 668 2892 praestantius.
711 2817 757 2873 Ita
780 2833 902 2888 necesse
927 2825 972 2874 est
995 2814 1068 2874 illud
1093 2817 1219 2887 etiam,
1211 2835 1242 2874 nr
1260 2835 1321 2891 quo

268 2913 304 2970 sit
331 2913 419 2971 totius
446 2921 565 2970 naturae
592 2911 780 2987 principatus,
802 2930 865 2971 esse
894 2911 1027 2970 omniurn
1054 2912 1199 2988 optimum
1226 2913 1320 2971 omni·

267 3028 376 3085 umque
400 3027 496 3067 rerum
516 3017 665 3088 potestate
690 3007 900 3084 dominatuque
925 3007 1137 3085 dignissimum.
1177 3008 1359 3068 Videmusuo

267 3115 366 3166 autem
380 3105 553 3182 inpartibus
569 3103 671 3165 mundi
690 3104 776 3183 (nihil
790 3115 834 3165 est
848 3106 927 3165 enim
947 3105 978 3184 in
999 3106 1080 3165 omni
1101 3104 1223 3179 mundo,
1237 3105 1320 3181 quod

235 3210 238 3215 ’
266 3209 327 3263 non
347 3222 413 3280 pars
434 3203 559 3262 universi
581 3203 632 3279 sit)
657 3201 753 3263 inesse
777 3221 895 3262 sensum
916 3212 1004 3280 atque
1029 3204 1181 3262 rationem.
1223 3203 1260 3262 In
1284 3221 1321 3261 ea

230 3310 348 3387 30parte
380 3300 473 3377 igitur,
502 3301 532 3359 in
559 3319 618 3376 qua
652 3298 755 3359 mundi
788 3299 864 3359 inest
898 3300 1086 3376 principatus,
1116 3297 1189 3357 haec
1223 3299 1319 3358 inesse

208 3440 210 3444 =
267 3388 387 3458 necesse
402 3407 454 3471 est,
470 3407 500 3457 et
513 3399 624 3458 acriora
637 3396 757 3487 quidem
772 3407 860 3474 atque
875 3397 993 3457 maiora.
1037 3397 1185 3472 Quocirca
1204 3398 1318 3473 sapien·
1339 3413 1360 3462 u,

211 3570 212 3573 Ἴ
267 3505 326 3553 tem
354 3513 417 3554 esse
446 3493 590 3554 mundum
618 3514 738 3554 necesse
767 3504 819 3566 est,
848 3504 1040 3569 naturamque
1069 3513 1144 3564 eam,
1169 3513 1245 3569 quae
1273 3513 1319 3553 res

267 3610 369 3650 omnes
397 3591 542 3667 conplexa
569 3601 676 3664 teneat,
699 3591 878 3667 perfectione
906 3590 1025 3648 rationis
1049 3590 1200 3661 excellere,
1223 3608 1317 3663 eoque

267 3686 356 3765 deum
370 3705 434 3745 esse
450 3686 601 3758 mundum,
617 3704 795 3761 omnemque
809 3686 868 3743 vim
889 3685 991 3743 mundi
1012 3695 1115 3743 natura
1128 3685 1226 3743 divina
1247 3703 1317 3743 con·

226 3810 253 3855 ¹ss
266 3782 358 3842 tineri.
400 3783 498 3858 Atque¹
518 3781 606 3841 etiam
627 3781 729 3857 muudi
750 3780 797 3839 ille
820 3780 914 3840 servor
935 3781 1041 3856 purior,
1057 3780 1233 3855 perlucidior
1255 3799 1316 3839 mo·
