2932 4364
444 393 510 443 mu.
522 393 558 442 11.
593 393 865 444 cmev-xuvn.
898 393 1061 458 §5115-121.
1215 371 1276 457 117

225 544 324 603 stellae
338 552 425 619 atque
440 544 536 602 omnis
551 544 652 602 aether
670 542 830 602 refundunt
850 542 956 601 eadem
977 553 1007 602 et
1027 561 1140 602 mrsum
1161 542 1278 602 trahunt

226 638 368 710 indidem,
389 640 461 697 nihil
481 649 513 697 ut
534 640 593 697 sere
615 640 738 697 intereat
759 649 809 697 aut
832 637 995 697 admodum
1016 639 1174 715 paululum,
1196 634 1297 714 quod'

225 745 367 793 astrorum
385 735 459 811 ignis
480 745 510 793 et
531 735 655 793 aetheris
677 735 794 793 flamma
815 736 970 793 consumit.
1014 735 1061 792 Ex
1078 752 1138 810 quo
1159 744 1277 794 eventu-

225 850 289 890 rum
303 831 393 890 nostri
407 836 511 907 'putant
524 830 565 902 id,
580 830 618 889 de
633 849 693 906 quo
709 833 879 916 Panaetium
894 830 1067 890 addubitare
1083 830 1231 903 dicebant,
1246 841 1278 890 ut

195 940 207 981 s
225 927 264 987 ad
278 937 441 986 extremum
456 927 551 986 omnis
566 926 693 985 mundus
707 928 879 1002 ignesceret,
893 946 963 985 cum
979 945 1080 986 umore
1102 936 1278 1004 consumpto

225 1042 322 1100 neque
336 1033 412 1082 terra
426 1024 462 1082 ali
476 1033 576 1100 posset
589 1041 646 1082 nec
659 1032 802 1082 remearet
822 1024 882 1096 aer,
897 1024 979 1081 cuius
1000 1033 1080 1082 ortus
1100 1042 1177 1100 aqua
1196 1023 1278 1083 omni

226 1121 367 1179 exhausta
387 1138 451 1179 esse
471 1139 533 1178 non
553 1129 671 1195 posset3
693 1121 733 1178 ita
753 1120 876 1195 relinqui
901 1120 973 1179 nihil
996 1131 1111 1195 praeter
1132 1121 1239 1196 ignem,
1260 1139 1279 1178 a

226 1235 286 1293 quo
299 1235 413 1275 rursum
426 1218 574 1275 animante
588 1234 624 1274 ac
638 1215 697 1275 deo
710 1216 861 1274 renovatio
876 1216 977 1275 mundi
992 1217 1074 1276 fieret
1088 1226 1176 1291 atque
1196 1216 1277 1275 idem

226 1323 343 1373 ornatus
371 1323 508 1372 oreretur.
557 1313 636 1370 Nolo
664 1313 694 1370 in
729 1313 874 1371 stellarum
908 1312 1020 1370 ratione
1054 1313 1161 1372 multus
1194 1311 1322 1372 vobisut

189 1429 215 1456 ¹0
226 1409 326 1482 videri,
348 1410 533 1484 maximeque
553 1426 662 1477 earum,
678 1427 754 1483 quae
775 1427 869 1467 errare
890 1407 1045 1481 dicuntnr;
1071 1426 1194 1484 quarum
1215 1419 1277 1468 tan·

226 1516 273 1566 tus
297 1515 341 1565 est
368 1490 532 1565 concentus
559 1523 597 1563 ex
623 1504 819 1563 dissimillimis
848 1505 984 1576 motibus,
1008 1515 1049 1576 ut,
1072 1524 1139 1563 cum
1164 1523 1279 1565 summa

227 1604 341 1664 Saturni
360 1603 517 1678 refrigeret,
538 1600 638 1660 media
658 1602 760 1661 Martis
785 1600 932 1673 incendat,
955 1601 1000 1661 his
1028 1602 1179 1660 interiecta
1201 1601 1279 1662 Iovis

228 1701 359 1760 inlustret
386 1709 417 1758 et
444 1707 587 1774 temperet
616 1699 752 1774 infraque>
770 1700 896 1758 Martem
917 1697 992 1757 duae
1021 1697 1080 1758 Soli
1109 1697 1278 1773 oboediant,

229 1799 291 1873 ipse
313 1797 362 1858 Sol
384 1796 527 1856 mundum
550 1814 670 1854 omnem
693 1814 746 1854 sua
767 1795 832 1855 luce
853 1796 1002 1872 compleat
1020 1794 1058 1854 ab
1078 1813 1174 1871 eoque
1196 1797 1281 1879 L'una

193 1914 216 1952 ιε
230 1895 399 1953 inluminata
425 1892 610 1969 graviditates
637 1901 667 1950 et
693 1901 792 1968 partus
819 1891 931 1950 adierat
957 1892 1194 1968 maturitatesque
1218 1889 1307 1970 gig-t

230 1990 329 2049 nendi.
371 1990 456 2064 Quae
471 1990 620 2064 copulatio
641 2008 736 2047 rerum
757 1998 788 2048 et
808 1988 891 2065 quasi
911 1989 1098 2047 consentiens
1118 1988 1157 2048 ad
1178 1987 1280 2048 mundi

231 2086 461 2145 incolumitatem
483 2086 703 2160 coagmentatio
729 2095 849 2143 naturae
878 2088 967 2161 quem
994 2102 1055 2143 non
1069 2083 1178 2155 movet,
1199 2084 1279 2143 hunc

231 2181 336 2241 homm
349 2181 421 2240 nihil
435 2199 574 2256 umquam
589 2181 767 2256 reputavisse
782 2190 864 2239 certo
879 2180 951 2239 scio.
1177 2227 1184 2239 .

271 2281 345 2354 Age,
359 2289 391 2336 ut
404 2296 422 2335 a
436 2278 608 2337 caelestibus
622 2277 708 2336 rebus
722 2276 761 2337 ad
775 2287 921 2336 terrestres
935 2276 1095 2349 veniamus,
1107 2277 1179 2353 quid
1193 2286 1238 2336 est
1251 2253 1327 2362 inff⁰

194 2400 220 2429 οο
232 2377 285 2450 his,
300 2377 404 2452 inquo
419 2394 479 2435 non
493 2384 612 2435 naturae
626 2376 700 2433 ratio
721 2375 913 2450 intellegentis
934 2376 1095 2451 appareat?
1135 2375 1283 2451 Principio

233 2491 344 2545 eorum,
358 2490 435 2548 quae
455 2472 612 2548 gignuntur
631 2490 648 2530 e
669 2480 752 2543 terra,
767 2473 871 2548 stirpes
891 2480 922 2530 et
942 2471 1127 2529 stabilitatem
1147 2468 1218 2529 dant
1239 2472 1283 2543 iis,

233 2588 307 2644 quae
335 2569 486 2639 sustinent,
513 2577 543 2626 et
570 2585 587 2625 e
615 2576 690 2625 terra
709 2585 825 2626 sucum·
847 2566 972 2638 trahunt,
1001 2583 1061 2641 quo
1094 2567 1207 2625 alantur
1239 2585 1283 2639 ea,

233 2682 308 2739 quae
332 2663 478 2722 radicibus
502 2663 697 2733 continentur,
722 2660 970 2737 obducunturque
995 2660 1068 2719 lib'ro
1084 2660 1146 2719 au't
1174 2661 1284 2720 cortice

233 2758 337 2830 trunci,
360 2776 420 2834 quo
442 2759 500 2817 sint
521 2776 539 2816 a
559 2758 762 2833 frigoribus'et
774 2757 929 2816 caloribus
947 2757 1082 2815 tutiores.
1101 2758 1190 2815 ¹-Iam
1213 2766 1284 2816 ver'o

196 2882 221 2921 ις
233 2856 306 2913 vites
320 2855 362 2913 sic
376 2854 522 2913 claviculis
535 2853 714 2913 adminicula
733 2857 884 2929 tamquam
904 2853 1038 2911 manibus
1058 2851 1285 2929 adprehendunt

234 2961 322 3027 atque
343 2951 384 3009 ita
404 2969 435 3009 se
457 2951 631 3026 eriguntur·
646 2949 818 3009 animantes.
840 2952 843 2957 ’
861 2949 941 3024 Quin
958 2948 1048 3008 etiam
1068 2946 1246 3022 a'caulibus,
1261 2949 1285 3009 si

235 3057 354 3125 propter
367 3048 422 3107 sati
435 3048 501 3118 sint,
517 3056 548 3105 ut
561 3066 580 3105 a
593 3047 734 3124 pestiferis
751 3056 787 3106 et.
801 3046 977 3127 nocentibus
997 3047 1139 3122 refugere
1150 3040 1287 3105 dicuntur

235 3163 301 3213 neo
315 3163 366 3204 eos
388 3145 447 3204 ulla
466 3163 503 3204 ex
524 3154 606 3221 parte
628 3144 815 3220 contingere.
856 3143 1064 3203 Animantium.
1080 3161 1150 3202 vero
1177 3140 1330 3219 quantam

235 3243 357 3301 varietas
371 3251 425 3314 est,
439 3251 548 3318 quanta
567 3240 607 3300 ad
616 3249 693 3300 seam
713 3259 776 3300 rern
789 3240 842 3313 vis,
857 3249 890 3300 ut
910 3241 940 3299 in
961 3241 1015 3298 suo
1029 3238 1164 3315 quaeque
1177 3239 1287 3316 'genere

200 3372 226 3411 ,ο
238 3342 426 3415 permaneat!
467 3339 599 3413 Quamm
620 3339 693 3397 aliae
714 3338 801 3397 coriis
821 3347 917 3397 tectae
939 3346 1015 3408 sunt,
1030 3337 1103 3395 aliae
1116 3334 1189 3395 villis
1203 3337 1287 3395 vesti·

238 3444 305 3506 tae,¹
318 3434 391 3493 aliae
413 3435 503 3509 spinis
524 3433 670 3505 hirsutae;
698 3433 798 3509 pluma
819 3434 898 3504 alias,
920 3434 990 3491 alias
1013 3450 1135 3506 squama
1155 3431 1288 3491 videmus

239 3528 391 3600 obductas,
407 3530 475 3587 alias
490 3547 554 3587 esse
571 3528 709 3587 cornibus
729 3537 863 3599 armatas,
878 3520 948 3585 alias
969 3526 1077 3585 habere
1099 3527 1205 3602 effugia
1225 3528 1288 3602 pin-

238 3611 350 3683 narum.
392 3627 510 3683 Pastum
534 3634 638 3683 autern
657 3624 853 3682 animantibus
877 3623 954 3698 large
973 3633 1012 3680 et
1041 3620 1161 3697 copiose
1189 3630 1291 3680 natura

240 3739 317 3791 eum,
331 3721 382 3796 qui
402 3721 508 3796 cuique
529 3730 615 3795 aptus
636 3729 706 3792 erat,
725 3719 915 3795 comparavit.
958 3720 1137 3777 Enumerare
1158 3735 1290 3793 possum,

203 3842 227 3882 as
240 3817 279 3887 ad
306 3833 375 3876 eum
401 3826 526 3892 pastumv
545 3814 761 3893 capessendum
788 3813 1067 3892 conficiendumque
1094 3832 1171 3892 quae
1197 3812 1235 3874 sit
1261 3814 1291 3874 in
