2932 4364
414 354 417 360 ⁶
466 392 532 442 nn.
549 393 584 442 11.
617 393 840 445 cmxtrxnn.
873 395 904 459 §s
919 395 1037 444 roaros.
1184 445 1185 448 ,
1214 397 1270 445 111

226 542 315 603 etiam
328 542 471 603 insistunt.
514 546 583 619 Quo
597 544 767 621 spectaculo
781 545 852 604 nihil
866 554 964 622 potest
983 545 1178 607 admirabilius
1199 565 1273 622 esse,
1279 559 1318 619 tot

226 639 297 697 nihil
316 638 472 715 pulchrius.
514 641 648 716 Sequitur
661 641 807 700 stellarum
827 641 1014 701 inerrantium
1034 644 1160 702 maxima
1179 644 1274 703 multi·

225 735 308 808 tudo,
334 754 454 811 quarum
479 735 520 795 ita
540 737 680 814 discripta
700 737 849 797 distinctio
870 746 923 812 est,
941 749 973 798 ut
993 758 1030 798 ex
1048 750 1184 800 notarum
1203 742 1274 818 figu-
1296 743 1297 747 ’

225 851 321 890 rarum
348 831 535 893 similitudine
563 835 683 894 nomina
709 835 881 895 invenerint.
922 837 1019 912 Atque
1048 837 1106 896 hoc
1133 839 1200 897 loco
1227 858 1274 898 me
1282 841 1318 898 41

195 948 207 988 s
226 928 359 992 intuens:
382 931 464 1003 Utar,
479 930 582 1006 inquit,
596 931 772 990 carminibus
793 931 907 1004 Aratiis,
929 950 1005 1007 quae
1027 951 1045 991 a
1065 944 1093 992 te
1114 934 1276 993 admodum

226 1024 445 1085 adulescentulo
467 1044 609 1086 conversa
629 1027 669 1086 ita
688 1045 736 1086 me
758 1026 915 1100 delectant,
935 1030 1004 1104 quia
1024 1029 1129 1089 Latina
1148 1040 1224 1103 sunt,
1245 1040 1277 1090 ut
1339 1082 1340 1085 ,

225 1122 316 1180 multa
330 1122 414 1182 exiis
428 1124 570 1183 memoria
583 1132 709 1182 teneam.
749 1125 838 1201 Ergo,
849 1133 881 1184 ut
895 1125 987 1184 oculis
1001 1125 1123 1185 adsidue
1134 1125 1275 1200 videmus,

226 1218 288 1316 sine
302 1218 360 1277 ulla
373 1219 534 1279 mutatione
549 1229 599 1278 aut
613 1220 751 1279 varietate

306 1331 438 1390 Cetera
458 1331 629 1391 labuntur
649 1332 764 1391 celeri
784 1332 965 1391 caelestia
983 1337 1083 1392 motu

189 1450 214 1478 ιο
306 1426 393 1485 Cum
414 1427 593 1502 caeloque
617 1426 723 1485 simul
746 1436 951 1502 noctesque
976 1427 1130 1505 diesque
1153 1429 1274 1488 ferun·

1027 1532 1098 1610 tur,

226 1653 350 1711 quorum
373 1633 620 1712 contemplatione
644 1635 749 1696 nullius
810 1635 883 1714 pleri
906 1644 1004 1714 potest
1023 1636 1137 1698 animus
1156 1647 1275 1698 naturae
1282 1655 1319 1697 uu

154 1783 157 1789 .
227 1732 420 1792 constantiam
432 1732 532 1792 videre
547 1732 701 1810 cupientis.
710 1653 810 1927 ff

762 1866 783 1926 Ρ

308 1849 572 1924 Extremusque
593 1848 686 1909 adeo
788 1847 854 1908 lici
877 1848 922 1908 de
946 1847 1096 1911 cardine
1117 1859 1244 1910 vertex

190 1966 214 2007 ιε
308 1945 454 2005 Dicitur
474 1963 554 2005 esse
574 1945 690 2022 polus.

229 2061 321 2118 Hunc
335 2059 446 2117 circum
459 2059 566 2117 Arctoe
581 2058 657 2119 duae
673 2060 803 2118 tenuntur
815 2076 976 2137 numquam
988 2059 1170 2120 occidentes.

309 2174 361 2231 Ex
383 2171 439 2230 his
462 2172 580 2231 altera
605 2172 702 2248 apud
726 2172 858 2234 Graios
882 2173 1072 2249 Cynosura
1091 2182 1258 2248 vocatur,

308 2269 433 2326 Altera
453 2267 590 2326 dicitur
611 2285 691 2326 esse
713 2269 861 2342 Helice,

160 2463 161 2466 Ἴ
229 2382 311 2440 cuius
325 2379 446 2456 quidem
459 2379 631 2438 clarissimas
646 2363 741 2439 s'tellas
755 2382 824 2440 totis
837 2381 972 2441 noctibus
987 2382 1140 2456 cemimus,

191 2518 217 2547 ιο
273 2510 275 2514 ⁴
309 2493 407 2567 Quas
427 2492 545 2550 nostri
565 2494 711 2568 Septem
732 2493 835 2552 soliti
855 2494 1019 2553 vocitare
1040 2492 1212 2556 Triones.

192 2633 196 2642 ·
231 2606 407 2682 Paribusque
434 2606 522 2665 stellis
549 2605 678 2664 similiter
704 2605 848 2666 distinctis
884 2607 1012 2667 eundem
1039 2608 1113 2666 caeli
1139 2609 1323 2669 verticemron

216 2728 219 2735 ·
229 2704 328 2763 lustrat
341 2720 431 2780 parva
443 2703 613 2780 Cynosura:

309 2819 390 2878 Hac
409 2816 533 2877 fidunt
553 2815 647 2885 duce
668 2823 849 2876 nocturna
870 2814 1077 2876 Phoenices
1097 2815 1132 2875 in
1153 2817 1238 2876 alto.

309 2915 380 2976 Sed
399 2914 500 2992 prior
519 2914 583 2973 illa
602 2914 716 2991 magis
736 2914 857 2974 stellis
879 2913 1061 2973 distincta
1079 2914 1239 2990 refulget

193 3037 218 3079 ις
312 3015 357 3073 Et
376 3011 449 3071 late
470 3011 586 3087 prima
605 3011 807 3070 confestim
827 3028 846 3068 a
866 3018 976 3069 nocte
997 3010 1159 3082 videtur,

310 3111 414 3170 Haec
440 3125 525 3168 vero
552 3125 663 3184 parva
690 3116 759 3180 est,
788 3104 855 3166 sed
881 3105 1008 3166 nautis·
1032 3124 1116 3164 usus
1146 3106 1183 3165 in
1213 3106 1280 3165 hac

233 3182 238 3191 ’
1031 3211 1085 3260 est
1096 3222 1105 3276 3

312 3304 402 3363 Nam
421 3318 529 3361 cursu
549 3299 728 3360 interiore
747 3298 850 3360 brevi
871 3299 1222 3384 convertiturorbe.

233 3417 272 3476 Et
285 3434 345 3492 quo
359 3417 395 3474 sit
408 3433 508 3473 earum
521 3414 668 3472 stellarum
682 3411 877 3472 admirabilior
890 3422 1035 3488 aspectus,
1288 3415 1326 3472 42

196 3547 221 3585 ³⁰
313 3529 388 3584 Has
409 3526 519 3598 inter,
539 3526 653 3584 veluti
673 3525 803 3602 rapido
824 3544 905 3585 cum
925 3525 1069 3602 gurgite
1090 3525 1242 3598 flumen,

312 3624 452 3683 Torvus
482 3623 603 3681 Draco
631 3622 748 3700 serpit
776 3622 902 3683 subter
930 3640 1142 3700 superaque¹
1163 3623 1282 3684 revol-

1032 3738 1120 3779 vens

313 3817 399 3877 Sese
421 3815 708 3894 conficiensque
729 3816 830 3876 sinus
850 3834 868 3876 e
889 3834 1043 3892 corpore
1066 3817 1201 3877 flexos.
