2932 4364
1045 339 1061 369 s

156 379 201 442 40
484 378 534 427 ou
555 377 700 428 uarum
721 377 881 428 uaonuu.
972 375 1024 447 3
1027 361 1052 422 t

908 412 981 490 istri

158 548 281 608 corpore
302 531 327 590 si
346 531 469 592 minima
482 549 520 590 ex
539 539 621 608 parte
631 530 678 590 sic
680 437 883 604 adadun
855 532 1009 591 molestum
1024 533 1069 606 sit,
1083 552 1136 592 cur
1149 532 1208 593 hoc

158 628 239 688 idem
260 645 322 686 non
343 626 484 688 habeatur
502 626 688 686 molestum
680 646 710 686 m
729 627 816 687 deo?
849 630 939 687 Terra
963 630 1041 687 enim
1066 631 1207 706 prolecto,

159 725 298 801 quoniam
322 724 425 782 mundi
448 740 515 799 pars
539 732 592 794 est,
613 741 680 798 pars
704 731 748 782 est
772 725 861 782 etiam
882 724 939 783 dei.
993 727 1085 800 Atqui
1116 736 1208 785 terrae

160 838 311 879 maxumas
331 821 465 896 regiones
486 818 679 877 inhabitabilis
703 829 791 894 atque
819 820 942 878 incultas
962 819 1106 893 videmus,
1128 820 1208 896 quod
1243 863 1245 871 ι

160 935 227 995 pars
240 933 341 975 earum
355 915 478 991 adpulsu
500 915 568 972 solis
590 915 735 986 exarserit,
749 933 816 990 pars
836 915 993 991 obriguerit
1013 917 1079 974 nive
1093 918 1207 992 pruina·
1229 937 1240 977 s

161 999 219 1088 que
232 1012 392 1089 longinquo
412 1012 480 1070 solis
500 1011 639 1069 abscessu
649 1031 658 1084 3
679 1028 765 1086 quae,
780 1011 804 1069 si
825 1010 952 1069 mundus
974 1016 1018 1069 e'st
1038 1011 1121 1085 deus,
1136 1030 1208 1088 quo·

139 1109 244 1176 „niam
258 1109 362 1168 mundi
382 1119 479 1186 partes
501 1117 577 1180 sunt,
593 1107 642 1166 dei
663 1108 796 1166 membra
819 1108 925 1185 partim
950 1107 1090 1181 ardentia,
1104 1110 1210 1184 partim

131 1283 134 1289 p
160 1205 324 1282 refrigerata
337 1204 466 1264 dicenda
479 1213 555 1265 sunt.

124 1308 150 1350 ²³
200 1303 296 1376 Atque
311 1300 384 1361 haec
398 1300 518 1378 quidem
531 1310 634 1374 vestra,
646 1301 749 1360 Lucili.
784 1300 889 1377 Qualia
901 1318 971 1359 vero
984 1309 1083 1359 vetera
1096 1301 1161 1373 sint,
1172 1303 1210 1361 ab

161 1397 262 1457 ultimo
283 1407 414 1474 repetam
434 1397 625 1473 superiorum.
665 1397 773 1457 Thales
787 1398 867 1456 enim
881 1397 1023 1469 Milesius,
1037 1398 1087 1472 qui
1101 1399 1210 1473 primus
1224 1423 1250 1451 ιο

162 1492 201 1553 de
224 1495 329 1553 talibus
352 1494 439 1554 rebus
463 1495 614 1570 quaesivit,
639 1512 747 1570 aquam
771 1494 844 1553 dixit
870 1512 936 1553 esse
963 1495 1077 1553 initium
1104 1513 1210 1567 rerum,

162 1590 252 1650 deum
272 1600 369 1650 autem
391 1608 457 1650 eam
477 1597 617 1664 mentem,
632 1609 708 1667 quae
729 1610 767 1649 ex
787 1610 864 1666 aqua
882 1600 990 1649 cuncta
1007 1591 1139 1667 fingeret.
1181 1591 1210 1649 Si

162 1685 194 1745 di
209 1696 331 1762 possunt
351 1703 414 1744 esse
435 1687 497 1745 sine
519 1704 607 1745 seusu
628 1697 659 1745 et
678 1698 786 1759 mente,
802 1705 854 1745 cur
867 1704 960 1762 aquae
975 1696 1107 1759 menum,
1122 1689 1214 1744 menti

161 1790 260 1840 auum
276 1799 333 1839 eur
346 1800 457 1856 aquam
475 1781 615 1855 adiunxit,
631 1783 656 1841 si
669 1783 734 1858 ipsa
748 1799 831 1840 mens
845 1792 980 1841 constare
994 1791 1091 1857 potest
1104 1801 1211 1841 vacans

162 1877 307 1953 corporei
346 1875 556 1964 Anaximandri
582 1867 689 1937 autem·
708 1879 811 1954 opinio
838 1888 882 1936 est
908 1877 1023 1937 nativos
1050 1896 1114 1936 esse
1130 1876 1211 1936 ‘deos
1225 1906 1249 1946 ις

162 1972 256 2050 longis
279 1972 434 2032 intervallis
457 1973 576 2032 orientis
601 1973 833 2050 occidentisque,
855 1991 967 2049 eosque
994 1973 1211 2034 innumerabilis

162 2087 227 2129 esse
241 2067 377 2129 mundos.
419 2069 477 2129 Sed
496 2087 550 2129 nos
565 2068 655 2129 deum
673 2070 729 2129 nisi
747 2071 958 2146 sempiternum
976 2070 1144 2146 intellegere
1161 2071 1211 2146 qui

124 2195 151 2238 ω
162 2169 339 2243 possumus?
378 2169 448 2226 Post
464 2167 660 2226 Anaximenes
678 2167 745 2226 aira
758 2166 849 2226 deum
865 2168 972 2240 statuit,
987 2185 1115 2242 eumque
1132 2167 1211 2243 gigni

104 2311 107 2316 .
162 2273 286 2339 esseque
302 2263 469 2326 inmensum
487 2269 518 2320 et
536 2261 681 2346 inlinitum
700 2271 730 2322 et
747 2279 864 2338 semper
886 2262 918 2322 in
936 2271 1018 2322 motu
1028 2283 1038 2337 3
1060 2263 1143 2339 quasi
1161 2273 1211 2321 aut

163 2360 213 2420 air
230 2359 293 2419 sine
312 2359 370 2418 ulla
387 2359 481 2417 forma
494 2356 567 2418 deus
584 2376 649 2418 esse
665 2359 766 2436 possit,
781 2377 850 2418 cum
863 2359 1031 2435 praesertim
1046 2357 1136 2419 deum
1150 2378 1211 2418 non
1224 2387 1250 2414 ω

157 2455 255 2515 modo
283 2455 387 2531 aliqua,
411 2453 466 2514 sed
492 2453 687 2531 pulcherrima
714 2455 813 2531 specie
841 2453 947 2515 deceat
974 2473 1048 2528 esse,
1073 2465 1124 2516 aut
1151 2473 1212 2514 non

119 2555 261 2625 llomne,
283 2549 365 2628 quod
387 2561 485 2643 ortum
507 2551 553 2624 sit,
574 2552 731 2610 mortalitas
753 2560 971 2628 consequatur,
988 2531 1075 2611 Inde
1096 2553 1211 2610 Anaxa-

164 2666 257 2730 goras,
276 2649 327 2724 qui
347 2635 463 2725 accepit
482 2647 520 2707 ab
536 2649 717 2708 Anaximene
733 2646 928 2724 disciplinam,
948 2648 1059 2726 primus
1080 2649 1212 2708 omnium

95 2742 259 2855 Μιειιιιιι
278 2744 497 2820 discriptionem
521 2752 551 2803 et
573 2743 697 2805 modum
716 2744 823 2804 mentis
843 2744 974 2805 infinitae
994 2745 1023 2804 vi
1044 2763 1080 2803 ac
1100 2746 1212 2803 ratione

164 2839 315 2916 dissignari
338 2847 368 2898 et
391 2837 500 2897 confici
522 2839 631 2913 voluit3
655 2839 687 2898 in
710 2834 775 2915 qii'o
784 2834 856 2898 ιιοιι
863 2837 952 2899 vidit
975 2858 1074 2915 neque
1099 2850 1212 2900 motum
1225 2866 1250 2904 es

95 2967 101 2984 ‹
163 2935 262 2995 sensui
285 2935 417 2994 iunctum
442 2944 473 2992 et
497 2935 698 3004 continentem
721 2934 752 2993 in
776 2935 890 2994 infinito
913 2935 1005 2994 ullum
1032 2953 1097 2994 esse
1124 2953 1212 3011 posse
1209 2976 1226 3043 Ι

163 3049 261 3108 neque
289 3048 408 3090 sensum
434 3030 566 3102 omuino,
591 3003 738 3114 qdfflnon
760 3030 825 3106 ipsa
847 3039 951 3089 natura
973 3032 1058 3106 pulsa
1083 3032 1212 3091 sentiret.
1269 3106 1270 3109 Ἴ

165 3128 283 3187 Deinde
304 3127 328 3187 si
348 3135 478 3186 mentem
497 3126 582 3186 istam
597 3127 681 3202 quasi
699 3127 807 3186 animal
824 3125 945 3202 aliquod
960 3128 1050 3187 voluit
1068 3146 1141 3201 esse,
1159 3128 1213 3188 erit

164 3223 273 3300 aliquid
297 3223 424 3296 interius,
446 3241 484 3282 ex
503 3240 563 3299 quo
587 3221 658 3282 illud
681 3223 789 3282 animal
811 3225 997 3299 nominetur3
1018 3222 1091 3300 quid
1113 3234 1213 3284 autern

125 3337 152 3382 ιι
164 3321 282 3380 interius
305 3319 426 3380 mente?
446 3320 577 3396 cingatur
600 3320 686 3395 igitur
708 3337 831 3396 corpore
854 3330 986 3406 externo.
1012 3321 1118 3395 .Quod
1139 3340 1212 3398 quo·
1226 3345 1252 3384 ιο

163 3417 242 3476 niam
263 3435 324 3476 non
343 3418 449 3493 placet,
471 3427 572 3493 aperta
593 3417 775 3493 simplexque
800 3435 884 3476 meus
907 3418 987 3477 nulla
1009 3436 1040 3477 re
1064 3417 1213 3490 adiuncta,

164 3533 222 3590 qua
235 3516 341 3573 sentire
354 3515 456 3591 possit,
471 3516 570 3591 sugere
586 3515 799 3590 intellegentiae
815 3525 931 3573 nostrae
945 3515 1005 3574 vim
1019 3525 1049 3574 et
1062 3516 1220 3574 notionem*

162 3610 285 3670 videtur.
328 3611 513 3670 Crotoniates
538 3621 636 3670 autem
660 3610 809 3682 Alcmaeo,
832 3611 882 3685 qui
906 3611 972 3672 soli,
985 3619 1014 3669 et
1037 3610 1124 3669 lunae
1148 3611 1213 3669 reli-

163 3707 285 3780 quisque
309 3705 452 3764 sideribus
476 3706 634 3780 animoque
661 3716 811 3780 praeterea
833 3705 1015 3764 divinitatem
1037 3704 1129 3777 dedit,
1152 3725 1213 3764 non
1298 3708 1302 3715 '

162 3801 251 3862 sensit
275 3817 339 3860 sese
367 3801 535 3861 mortalibus
562 3800 649 3862 rebus
676 3800 913 3861 inmortalitatem
932 3799 1012 3861 dare.
1055 3801 1134 3861 Nam
1159 3803 1213 3876 Py·
1227 3819 1251 3858 as

256 3939 312 4048 la(
414 3972 442 4000 ιι
491 3975 526 3989 -ι
