2932 4364
552 406 619 456 nm.
636 406 657 455 1.
691 405 858 455 crixum.
893 405 924 468 ξς
940 417 1058 466 121-124.
1288 394 1332 474 69
1365 377 1366 381 ’

281 558 415 618 disseruit
438 559 468 616 in
489 558 562 618 libro
585 559 687 633 quinto
712 557 751 615 de
773 567 875 616 natura
897 557 1029 629 deorum,
1054 558 1148 616 nullos
1171 577 1235 618 esse
1259 559 1331 617 deos

284 655 412 728 Epicuro
425 653 526 724 videri,
541 670 675 728 quaeque
690 652 713 710 is
728 652 766 709 de
781 651 845 709 deis
859 652 1057 709 inmortalibus
1078 651 1191 723 dixerit,
1206 652 1331 712 invidiae

282 749 473 806 detestandae
487 749 577 824 gratia
591 748 708 806 dixisse.
751 749 857 822 Neque
874 747 953 805 enim
973 756 1033 804 tam
1056 746 1203 822 desipiens
1223 749 1331 822 fuisset,

282 853 314 902 ut
328 844 495 902 homunculi
516 845 639 902 similem
660 843 751 902 deum
771 845 901 918 fingeret,
915 843 1090 901 liniamentis
1111 843 1262 902 dumtaxat
1282 863 1333 903 ex·

251 961 263 1001 s
282 940 389 1012 tremis,
404 960 465 998 non
478 941 579 999 habitu
592 940 697 1011 solid0,
712 940 849 998 membris
864 938 989 997 hominis
1004 939 1169 1014 praeditum
1186 941 1330 1013 omnibus,

282 1056 336 1096 usu
357 1039 554 1096 membromm
577 1054 615 1095 ne
638 1037 760 1096 minimo
785 1035 915 1111 quidem,
938 1035 1043 1095 exilem
1068 1035 1218 1112 quendam
1244 1047 1332 1113 atque

282 1132 474 1210 perlucidum,
488 1135 559 1193 nihil
580 1136 717 1211 cuiquam
738 1135 922 1209 tribuentem,
937 1135 1009 1194 nihil
1028 1135 1248 1211 gratificantem,
1270 1152 1332 1194 om·

283 1232 353 1290 nino
379 1231 452 1290 nihil
479 1242 638 1303 curantem,
667 1232 739 1290 nihil
765 1242 910 1308 agentem.
960 1233 1044 1308 Quae
1075 1242 1177 1291 natura
1205 1232 1333 1308 primum

283 1329 361 1386 nulla
388 1346 451 1387 esse
479 1337 585 1404 potest,
615 1329 704 1405 idque
732 1329 834 1396 videns
863 1331 1007 1405 Epicurus
1035 1348 1065 1389 re
1094 1330 1175 1402 tollit,
1201 1329 1331 1387 oratione

247 1449 271 1476 ιο
283 1425 418 1499 relinquit
445 1424 537 1498 deos;
569 1424 691 1501 deinde,
716 1425 741 1485 si
768 1426 894 1485 maxime
922 1427 985 1486 talis
1013 1437 1056 1485 est
1084 1426 1167 1499 deus,
1195 1435 1228 1485 ut
1255 1427 1376 1484 nullam

283 1521 381 1596 gratia,
409 1520 488 1579 nulla
514 1520 666 1580 hominum
693 1522 811 1580 caritate
839 1531 980 1594 teneatur,
1007 1524 1120 1596 valeat,
1151 1522 1223 1597 quid
1253 1521 1333 1580 enim

284 1617 382 1676 dicam
410 1618 568 1695 ‘propitius
596 1619 668 1678 sit’?
709 1620 782 1678 Esse
809 1618 890 1678 enim
916 1618 1057 1694 propitius
1084 1626 1182 1694 potest
1212 1619 1332 1691 nemini,

284 1715 432 1791 quoniam,
460 1723 493 1775 ut
518 1713 623 1789 dicitis,
651 1715 747 1775 omnis
781 1714 812 1774 in
845 1713 1031 1775 inbecillitate
1058 1722 1103 1774 est
1129 1723 1159 1774 et
1185 1716 1277 1793 gratia
1303 1724 1334 1777 et

285 1812 396 1872 caritas.
