<?xml version="1.0" encoding="UTF-8"?>
<!DOCTYPE html PUBLIC "-//W3C//DTD XHTML 1.0 Transitional//EN"
    "http://www.w3.org/TR/xhtml1/DTD/xhtml1-transitional.dtd">
<html xmlns="http://www.w3.org/1999/xhtml" xml:lang="en" lang="en">
 <head>
  <title>
</title>
<meta http-equiv="Content-Type" content="text/html;charset=utf-8" />
  <meta name='ocr-system' content='tesseract 3.04.00' />
  <meta name='ocr-capabilities' content='ocr_page ocr_carea ocr_par ocr_line ocrx_word'/>
</head>
<body>
  <div class='ocr_page' id='page_1' title='image "./mtulliiciceroni02schgoog/mtulliiciceroni02schgoog_0167.png"; bbox 0 0 2932 4364; ppageno 0'>
   <div class='ocr_carea' id='block_1_1' title="bbox 171 346 929 434">
    <p class='ocr_par' dir='ltr' id='par_1_1' title="bbox 171 346 929 434">
     <span class='ocr_line' id='line_1_1' title="bbox 171 346 929 434; baseline -0.001 -17"><span class='ocrx_word' id='word_1_1' title='bbox 171 346 174 352; x_wconf 85' lang='grc'><strong>’</strong></span> <span class='ocrx_word' id='word_1_2' title='bbox 208 369 269 434; x_wconf 78' lang='lat'>154</span> <span class='ocrx_word' id='word_1_3' title='bbox 531 365 581 415; x_wconf 83' lang='lat' dir='ltr'>nn</span> <span class='ocrx_word' id='word_1_4' title='bbox 601 364 746 417; x_wconf 75' lang='lat' dir='ltr'>uarum</span> <span class='ocrx_word' id='word_1_5' title='bbox 768 365 929 416; x_wconf 79' lang='lat' dir='ltr'>nnonuu.</span> 
     </span>
    </p>
   </div>
   <div class='ocr_carea' id='block_1_2' title="bbox 120 519 1340 3959">
    <p class='ocr_par' dir='ltr' id='par_1_2' title="bbox 204 519 1258 595">
     <span class='ocr_line' id='line_1_2' title="bbox 204 519 1258 595; baseline 0.005 -14"><span class='ocrx_word' id='word_1_6' title='bbox 204 524 234 582; x_wconf 92' lang='lat' dir='ltr'>in</span> <span class='ocrx_word' id='word_1_7' title='bbox 249 519 375 580; x_wconf 90' lang='lat' dir='ltr'>Arcadia</span> <span class='ocrx_word' id='word_1_8' title='bbox 388 539 450 579; x_wconf 92' lang='lat' dir='ltr'>non</span> <span class='ocrx_word' id='word_1_9' title='bbox 463 519 552 595; x_wconf 91' lang='lat' dir='ltr'>longe</span> <span class='ocrx_word' id='word_1_10' title='bbox 565 537 584 577; x_wconf 91' lang='lat' dir='ltr'>a</span> <span class='ocrx_word' id='word_1_11' title='bbox 599 519 687 577; x_wconf 84' lang='lat' dir='ltr'>Lusio</span> <span class='ocrx_word' id='word_1_12' title='bbox 700 519 819 577; x_wconf 88' lang='lat' dir='ltr'>ilumine</span> <span class='ocrx_word' id='word_1_13' title='bbox 832 519 999 595; x_wconf 88' lang='lat' dir='ltr'>sepulcrum</span> <span class='ocrx_word' id='word_1_14' title='bbox 1013 530 1044 580; x_wconf 89' lang='lat' dir='ltr'>et</span> <span class='ocrx_word' id='word_1_15' title='bbox 1056 523 1140 583; x_wconf 89' lang='lat' dir='ltr'>lucus</span> <span class='ocrx_word' id='word_1_16' title='bbox 1159 534 1258 586; x_wconf 88' lang='lat' dir='ltr'>osten·</span> 
     </span>
    </p>

    <p class='ocr_par' dir='ltr' id='par_1_3' title="bbox 161 616 1291 1179">
     <span class='ocr_line' id='line_1_3' title="bbox 161 616 1258 694; baseline -0.001 -11"><span class='ocrx_word' id='word_1_17' title='bbox 161 627 198 684; x_wconf 74' lang='lat'>28</span> <span class='ocrx_word' id='word_1_18' title='bbox 206 620 292 680; x_wconf 89' lang='lat' dir='ltr'>ditur.</span> <span class='ocrx_word' id='word_1_19' title='bbox 326 618 495 694; x_wconf 86' lang='lat' dir='ltr'><strong>Apollinum</strong></span> <span class='ocrx_word' id='word_1_20' title='bbox 508 616 724 691; x_wconf 89' lang='lat' dir='ltr'>antiquissimus</span> <span class='ocrx_word' id='word_1_21' title='bbox 738 616 771 688; x_wconf 91' lang='lat' dir='ltr'>is,</span> <span class='ocrx_word' id='word_1_22' title='bbox 786 635 875 691; x_wconf 91' lang='lat' dir='ltr'>quem</span> <span class='ocrx_word' id='word_1_23' title='bbox 888 618 977 692; x_wconf 91' lang='lat' dir='ltr'>paulo</span> <span class='ocrx_word' id='word_1_24' title='bbox 991 631 1079 678; x_wconf 89' lang='lat' dir='ltr'>antea</span> <span class='ocrx_word' id='word_1_25' title='bbox 1092 639 1109 678; x_wconf 91' lang='lat' dir='ltr'>e</span> <span class='ocrx_word' id='word_1_26' title='bbox 1123 623 1258 682; x_wconf 87' lang='lat' dir='ltr'><strong>Vulcano</strong></span> 
     </span>
     <span class='ocr_line' id='line_1_4' title="bbox 205 712 1258 793; baseline 0.002 -18"><span class='ocrx_word' id='word_1_27' title='bbox 205 727 307 776; x_wconf 89' lang='lat' dir='ltr'>natum</span> <span class='ocrx_word' id='word_1_28' title='bbox 328 733 393 773; x_wconf 89' lang='lat' dir='ltr'>esse</span> <span class='ocrx_word' id='word_1_29' title='bbox 415 712 485 784; x_wconf 84' lang='lat' dir='ltr'>dixi,</span> <span class='ocrx_word' id='word_1_30' title='bbox 500 712 655 770; x_wconf 86' lang='lat' dir='ltr'>custodem</span> <span class='ocrx_word' id='word_1_31' title='bbox 676 713 866 793; x_wconf 71' lang='lat' dir='ltr'>Athenarum,</span> <span class='ocrx_word' id='word_1_32' title='bbox 888 715 959 771; x_wconf 90' lang='lat' dir='ltr'>alter</span> <span class='ocrx_word' id='word_1_33' title='bbox 980 715 1154 790; x_wconf 87' lang='lat' dir='ltr'>Corybantis</span> <span class='ocrx_word' id='word_1_34' title='bbox 1174 719 1258 790; x_wconf 86' lang='lat' dir='ltr'>iilius,</span> 
     </span>
     <span class='ocr_line' id='line_1_5' title="bbox 205 807 1259 886; baseline 0.002 -15"><span class='ocrx_word' id='word_1_35' title='bbox 205 824 291 871; x_wconf 87' lang='lat' dir='ltr'>natus</span> <span class='ocrx_word' id='word_1_36' title='bbox 313 813 342 869; x_wconf 92' lang='lat' dir='ltr'>in</span> <span class='ocrx_word' id='word_1_37' title='bbox 365 810 463 880; x_wconf 92' lang='lat' dir='ltr'>Creta,</span> <span class='ocrx_word' id='word_1_38' title='bbox 486 810 568 866; x_wconf 92' lang='lat' dir='ltr'>cuius</span> <span class='ocrx_word' id='word_1_39' title='bbox 590 807 630 866; x_wconf 90' lang='lat' dir='ltr'>de</span> <span class='ocrx_word' id='word_1_40' title='bbox 652 809 700 865; x_wconf 89' lang='lat' dir='ltr'>illa</span> <span class='ocrx_word' id='word_1_41' title='bbox 721 809 814 866; x_wconf 91' lang='lat' dir='ltr'>insula</span> <span class='ocrx_word' id='word_1_42' title='bbox 835 827 904 867; x_wconf 92' lang='lat' dir='ltr'>cum</span> <span class='ocrx_word' id='word_1_43' title='bbox 927 812 999 869; x_wconf 89' lang='lat' dir='ltr'>Iove</span> <span class='ocrx_word' id='word_1_44' title='bbox 1023 812 1087 886; x_wconf 90' lang='lat' dir='ltr'>ipso</span> <span class='ocrx_word' id='word_1_45' title='bbox 1109 824 1259 873; x_wconf 90' lang='lat' dir='ltr'>certamen</span> 
     </span>
     <span class='ocr_line' id='line_1_6' title="bbox 206 904 1291 983; baseline 0.005 -17"><span class='ocrx_word' id='word_1_46' title='bbox 206 909 293 966; x_wconf 84' lang='lat' dir='ltr'>fuisse</span> <span class='ocrx_word' id='word_1_47' title='bbox 317 905 446 975; x_wconf 86' lang='lat' dir='ltr'>traditur,</span> <span class='ocrx_word' id='word_1_48' title='bbox 472 904 572 961; x_wconf 89' lang='lat' dir='ltr'>tertius</span> <span class='ocrx_word' id='word_1_49' title='bbox 597 904 668 960; x_wconf 92' lang='lat' dir='ltr'>Iove</span> <span class='ocrx_word' id='word_1_50' title='bbox 692 905 779 961; x_wconf 93' lang='lat' dir='ltr'>tertio</span> <span class='ocrx_word' id='word_1_51' title='bbox 802 915 887 962; x_wconf 90' lang='lat' dir='ltr'>natus</span> <span class='ocrx_word' id='word_1_52' title='bbox 911 916 941 963; x_wconf 94' lang='lat' dir='ltr'>et</span> <span class='ocrx_word' id='word_1_53' title='bbox 964 907 1085 979; x_wconf 80' lang='lat' dir='ltr'>latona,</span> <span class='ocrx_word' id='word_1_54' title='bbox 1109 927 1198 983; x_wconf 89' lang='lat' dir='ltr'>quem</span> <span class='ocrx_word' id='word_1_55' title='bbox 1222 928 1291 972; x_wconf 76' lang='lat' dir='ltr'>exa</span> 
     </span>
     <span class='ocr_line' id='line_1_7' title="bbox 208 998 1259 1081; baseline 0.003 -19"><span class='ocrx_word' id='word_1_56' title='bbox 208 1001 410 1080; x_wconf 88' lang='lat' dir='ltr'>Hyperboreis</span> <span class='ocrx_word' id='word_1_57' title='bbox 422 998 555 1075; x_wconf 89' lang='lat' dir='ltr'><strong>Delphos</strong></span> <span class='ocrx_word' id='word_1_58' title='bbox 568 999 664 1057; x_wconf 86' lang='lat' dir='ltr'>serunt</span> <span class='ocrx_word' id='word_1_59' title='bbox 676 999 840 1072; x_wconf 85' lang='lat' dir='ltr'>advenisse,</span> <span class='ocrx_word' id='word_1_60' title='bbox 851 1012 969 1076; x_wconf 90' lang='lat' dir='ltr'>quartus</span> <span class='ocrx_word' id='word_1_61' title='bbox 983 1003 1013 1060; x_wconf 89' lang='lat' dir='ltr'>in</span> <span class='ocrx_word' id='word_1_62' title='bbox 1024 1003 1158 1076; x_wconf 90' lang='lat' dir='ltr'>Arcadia,</span> <span class='ocrx_word' id='word_1_63' title='bbox 1169 1024 1259 1081; x_wconf 90' lang='lat' dir='ltr'>quem</span> 
     </span>
     <span class='ocr_line' id='line_1_8' title="bbox 207 1095 1259 1179; baseline 0.002 -19"><span class='ocrx_word' id='word_1_64' title='bbox 207 1100 337 1159; x_wconf 82' lang='lat' dir='ltr'>Arcades</span> <span class='ocrx_word' id='word_1_65' title='bbox 351 1097 459 1174; x_wconf 79' lang='grc' dir='ltr'>Νόμων</span> <span class='ocrx_word' id='word_1_66' title='bbox 473 1096 630 1172; x_wconf 87' lang='lat' dir='ltr'>appellant,</span> <span class='ocrx_word' id='word_1_67' title='bbox 645 1095 727 1172; x_wconf 91' lang='lat' dir='ltr'>quod</span> <span class='ocrx_word' id='word_1_68' title='bbox 741 1097 831 1156; x_wconf 89' lang='lat' dir='ltr'>abeo</span> <span class='ocrx_word' id='word_1_69' title='bbox 845 1115 877 1156; x_wconf 90' lang='lat' dir='ltr'>se</span> <span class='ocrx_word' id='word_1_70' title='bbox 891 1098 971 1174; x_wconf 86' lang='lat' dir='ltr'>leges</span> <span class='ocrx_word' id='word_1_71' title='bbox 984 1100 1078 1159; x_wconf 84' lang='lat' dir='ltr'>ierunt</span> <span class='ocrx_word' id='word_1_72' title='bbox 1098 1104 1259 1179; x_wconf 76' lang='lat' dir='ltr'>accepisse</span> 
     </span>
    </p>

    <p class='ocr_par' dir='ltr' id='par_1_4' title="bbox 120 1177 1340 1293">
     <span class='ocr_line' id='line_1_9' title="bbox 120 1177 1340 1293; baseline 0.003 -37"><span class='ocrx_word' id='word_1_73' title='bbox 120 1177 322 1293; x_wconf 59' lang='lat' dir='ltr'>g‘ianae</span> <span class='ocrx_word' id='word_1_74' title='bbox 343 1198 413 1256; x_wconf 91' lang='lat' dir='ltr'>item</span> <span class='ocrx_word' id='word_1_75' title='bbox 434 1181 650 1286; x_wconf 88' lang='lat' dir='ltr'>plures,prima</span> <span class='ocrx_word' id='word_1_76' title='bbox 664 1195 742 1254; x_wconf 87' lang='lat' dir='ltr'>lovis</span> <span class='ocrx_word' id='word_1_77' title='bbox 756 1205 786 1254; x_wconf 91' lang='lat' dir='ltr'>et</span> <span class='ocrx_word' id='word_1_78' title='bbox 801 1197 1001 1272; x_wconf 84' lang='lat' dir='ltr'>Proserpinae,</span> <span class='ocrx_word' id='word_1_79' title='bbox 1016 1216 1091 1273; x_wconf 92' lang='lat' dir='ltr'>quae</span> <span class='ocrx_word' id='word_1_80' title='bbox 1106 1200 1260 1275; x_wconf 89' lang='lat' dir='ltr'>pinnatum</span> <span class='ocrx_word' id='word_1_81' title='bbox 1338 1229 1340 1233; x_wconf 44' lang='lat'><em>⁷</em></span> 
     </span>
    </p>

    <p class='ocr_par' dir='ltr' id='par_1_5' title="bbox 206 1291 1300 2048">
     <span class='ocr_line' id='line_1_10' title="bbox 208 1291 1260 1372; baseline 0 -16"><span class='ocrx_word' id='word_1_82' title='bbox 208 1295 386 1372; x_wconf 84' lang='lat' dir='ltr'>Cupidinem</span> <span class='ocrx_word' id='word_1_83' title='bbox 407 1294 542 1369; x_wconf 84' lang='lat' dir='ltr'>genuisse</span> <span class='ocrx_word' id='word_1_84' title='bbox 565 1291 680 1365; x_wconf 91' lang='lat' dir='ltr'>dicitur,</span> <span class='ocrx_word' id='word_1_85' title='bbox 700 1292 832 1351; x_wconf 87' lang='lat' dir='ltr'>secunda</span> <span class='ocrx_word' id='word_1_86' title='bbox 851 1295 956 1367; x_wconf 92' lang='lat' dir='ltr'>notior,</span> <span class='ocrx_word' id='word_1_87' title='bbox 971 1313 1060 1370; x_wconf 90' lang='lat' dir='ltr'>quam</span> <span class='ocrx_word' id='word_1_88' title='bbox 1082 1297 1154 1356; x_wconf 88' lang='lat' dir='ltr'>Iove</span> <span class='ocrx_word' id='word_1_89' title='bbox 1175 1299 1260 1356; x_wconf 92' lang='lat' dir='ltr'>tertio</span> 
     </span>
     <span class='ocr_line' id='line_1_11' title="bbox 207 1390 1299 1466; baseline -0.003 -13"><span class='ocrx_word' id='word_1_90' title='bbox 207 1405 237 1452; x_wconf 90' lang='lat' dir='ltr'>et</span> <span class='ocrx_word' id='word_1_91' title='bbox 252 1395 365 1452; x_wconf 85' lang='lat' dir='ltr'>Latona</span> <span class='ocrx_word' id='word_1_92' title='bbox 382 1401 482 1450; x_wconf 91' lang='lat' dir='ltr'>natam</span> <span class='ocrx_word' id='word_1_93' title='bbox 501 1390 680 1465; x_wconf 89' lang='lat' dir='ltr'>accepimus,</span> <span class='ocrx_word' id='word_1_94' title='bbox 695 1390 797 1448; x_wconf 81' lang='lat' dir='ltr'>tertiae</span> <span class='ocrx_word' id='word_1_95' title='bbox 814 1401 898 1465; x_wconf 91' lang='lat' dir='ltr'>pater</span> <span class='ocrx_word' id='word_1_96' title='bbox 911 1392 987 1466; x_wconf 89' lang='lat' dir='ltr'>Upis</span> <span class='ocrx_word' id='word_1_97' title='bbox 1001 1390 1131 1465; x_wconf 88' lang='lat' dir='ltr'>traditur,</span> <span class='ocrx_word' id='word_1_98' title='bbox 1146 1395 1259 1453; x_wconf 88' lang='lat' dir='ltr'>Glauce</span> <span class='ocrx_word' id='word_1_99' title='bbox 1274 1423 1299 1451; x_wconf 72' lang='grc' dir='ltr'>ιο</span> 
     </span>
     <span class='ocr_line' id='line_1_12' title="bbox 206 1487 1260 1567; baseline 0.002 -19"><span class='ocrx_word' id='word_1_100' title='bbox 206 1499 317 1562; x_wconf 89' lang='lat' dir='ltr'>mater;</span> <span class='ocrx_word' id='word_1_101' title='bbox 345 1506 412 1547; x_wconf 91' lang='lat' dir='ltr'>eam</span> <span class='ocrx_word' id='word_1_102' title='bbox 440 1505 529 1564; x_wconf 88' lang='lat' dir='ltr'>saepe</span> <span class='ocrx_word' id='word_1_103' title='bbox 553 1487 661 1545; x_wconf 90' lang='lat' dir='ltr'>Graeci</span> <span class='ocrx_word' id='word_1_104' title='bbox 684 1487 777 1561; x_wconf 88' lang='lat' dir='ltr'>Upim</span> <span class='ocrx_word' id='word_1_105' title='bbox 803 1496 927 1561; x_wconf 91' lang='lat' dir='ltr'>patemo</span> <span class='ocrx_word' id='word_1_106' title='bbox 955 1490 1075 1546; x_wconf 89' lang='lat' dir='ltr'>nomine</span> <span class='ocrx_word' id='word_1_107' title='bbox 1102 1491 1260 1567; x_wconf 88' lang='lat' dir='ltr'>appellant.</span> 
     </span>
     <span class='ocr_line' id='line_1_13' title="bbox 208 1583 1260 1662; baseline 0.001 -17"><span class='ocrx_word' id='word_1_108' title='bbox 208 1588 355 1662; x_wconf 90' lang='lat' dir='ltr'>Dionysos</span> <span class='ocrx_word' id='word_1_109' title='bbox 376 1585 484 1644; x_wconf 90' lang='lat' dir='ltr'>multos</span> <span class='ocrx_word' id='word_1_110' title='bbox 504 1584 655 1654; x_wconf 87' lang='lat' dir='ltr'>habemus,</span> <span class='ocrx_word' id='word_1_111' title='bbox 670 1583 797 1658; x_wconf 90' lang='lat' dir='ltr'>primum</span> <span class='ocrx_word' id='word_1_112' title='bbox 812 1584 884 1641; x_wconf 90' lang='lat' dir='ltr'>Iove</span> <span class='ocrx_word' id='word_1_113' title='bbox 906 1593 936 1641; x_wconf 90' lang='lat' dir='ltr'>et</span> <span class='ocrx_word' id='word_1_114' title='bbox 955 1586 1128 1660; x_wconf 88' lang='lat' dir='ltr'>Proserpina</span> <span class='ocrx_word' id='word_1_115' title='bbox 1148 1597 1260 1660; x_wconf 90' lang='lat' dir='ltr'>natum,</span> 
     </span>
     <span class='ocr_line' id='line_1_14' title="bbox 208 1679 1261 1755; baseline 0.001 -14"><span class='ocrx_word' id='word_1_116' title='bbox 208 1681 371 1741; x_wconf 91' lang='lat' dir='ltr'>secundum</span> <span class='ocrx_word' id='word_1_117' title='bbox 393 1681 472 1752; x_wconf 91' lang='lat' dir='ltr'>Nilo,</span> <span class='ocrx_word' id='word_1_118' title='bbox 486 1681 536 1755; x_wconf 94' lang='lat' dir='ltr'>qui</span> <span class='ocrx_word' id='word_1_119' title='bbox 556 1680 668 1755; x_wconf 86' lang='lat' dir='ltr'>Nysam</span> <span class='ocrx_word' id='word_1_120' title='bbox 689 1679 795 1736; x_wconf 88' lang='lat' dir='ltr'>dicitur</span> <span class='ocrx_word' id='word_1_121' title='bbox 814 1679 1004 1753; x_wconf 88' lang='lat' dir='ltr'>interemisse,</span> <span class='ocrx_word' id='word_1_122' title='bbox 1022 1682 1137 1739; x_wconf 88' lang='lat' dir='ltr'>tertium</span> <span class='ocrx_word' id='word_1_123' title='bbox 1152 1682 1261 1742; x_wconf 90' lang='lat' dir='ltr'>Cabiro</span> 
     </span>
     <span class='ocr_line' id='line_1_15' title="bbox 207 1776 1262 1856; baseline 0.001 -18"><span class='ocrx_word' id='word_1_124' title='bbox 207 1791 302 1856; x_wconf 90' lang='lat' dir='ltr'>patre,</span> <span class='ocrx_word' id='word_1_125' title='bbox 317 1796 445 1854; x_wconf 90' lang='lat' dir='ltr'>eumque</span> <span class='ocrx_word' id='word_1_126' title='bbox 459 1796 560 1853; x_wconf 91' lang='lat' dir='ltr'>regem</span> <span class='ocrx_word' id='word_1_127' title='bbox 574 1777 661 1835; x_wconf 89' lang='lat' dir='ltr'>Asiae</span> <span class='ocrx_word' id='word_1_128' title='bbox 678 1776 836 1852; x_wconf 85' lang='lat' dir='ltr'>praefuisse</span> <span class='ocrx_word' id='word_1_129' title='bbox 857 1776 969 1849; x_wconf 92' lang='lat' dir='ltr'>dicunt,</span> <span class='ocrx_word' id='word_1_130' title='bbox 984 1779 1033 1836; x_wconf 94' lang='lat' dir='ltr'>cui</span> <span class='ocrx_word' id='word_1_131' title='bbox 1054 1779 1174 1838; x_wconf 79' lang='lat' dir='ltr'>Sabazia</span> <span class='ocrx_word' id='word_1_132' title='bbox 1193 1790 1262 1839; x_wconf 90' lang='lat' dir='ltr'>sunt</span> 
     </span>
     <span class='ocr_line' id='line_1_16' title="bbox 207 1874 1300 1952; baseline -0.005 -17"><span class='ocrx_word' id='word_1_133' title='bbox 207 1877 345 1948; x_wconf 89' lang='lat' dir='ltr'>instituta,</span> <span class='ocrx_word' id='word_1_134' title='bbox 368 1886 503 1951; x_wconf 90' lang='lat' dir='ltr'>quartum</span> <span class='ocrx_word' id='word_1_135' title='bbox 527 1876 599 1933; x_wconf 88' lang='lat' dir='ltr'>Iove</span> <span class='ocrx_word' id='word_1_136' title='bbox 624 1884 655 1932; x_wconf 90' lang='lat' dir='ltr'>et</span> <span class='ocrx_word' id='word_1_137' title='bbox 679 1874 770 1945; x_wconf 93' lang='lat' dir='ltr'>Luna,</span> <span class='ocrx_word' id='word_1_138' title='bbox 793 1874 842 1932; x_wconf 92' lang='lat' dir='ltr'>cui</span> <span class='ocrx_word' id='word_1_139' title='bbox 866 1892 948 1933; x_wconf 91' lang='lat' dir='ltr'>sacra</span> <span class='ocrx_word' id='word_1_140' title='bbox 970 1875 1102 1950; x_wconf 89' lang='lat' dir='ltr'>Orphica</span> <span class='ocrx_word' id='word_1_141' title='bbox 1124 1887 1263 1952; x_wconf 91' lang='lat' dir='ltr'>putantur</span> <span class='ocrx_word' id='word_1_142' title='bbox 1275 1901 1300 1940; x_wconf 68' lang='grc' dir='ltr'>ις</span> 
     </span>
     <span class='ocr_line' id='line_1_17' title="bbox 208 1970 1261 2048; baseline -0.001 -16"><span class='ocrx_word' id='word_1_143' title='bbox 208 1973 327 2045; x_wconf 89' lang='lat' dir='ltr'>confici,</span> <span class='ocrx_word' id='word_1_144' title='bbox 340 1973 474 2048; x_wconf 91' lang='lat' dir='ltr'>quintum</span> <span class='ocrx_word' id='word_1_145' title='bbox 489 1971 564 2029; x_wconf 91' lang='lat' dir='ltr'>Niso</span> <span class='ocrx_word' id='word_1_146' title='bbox 580 1980 681 2029; x_wconf 90' lang='lat' dir='ltr'>natum</span> <span class='ocrx_word' id='word_1_147' title='bbox 695 1979 726 2028; x_wconf 91' lang='lat' dir='ltr'>et</span> <span class='ocrx_word' id='word_1_148' title='bbox 739 1970 874 2045; x_wconf 83' lang='lat' dir='ltr'>Thyone,</span> <span class='ocrx_word' id='word_1_149' title='bbox 888 1989 980 2047; x_wconf 90' lang='lat' dir='ltr'>aquo</span> <span class='ocrx_word' id='word_1_150' title='bbox 994 1972 1171 2031; x_wconf 88' lang='lat' dir='ltr'>Trieterides</span> <span class='ocrx_word' id='word_1_151' title='bbox 1189 1992 1261 2032; x_wconf 93' lang='lat' dir='ltr'>con·</span> 
     </span>
    </p>

    <p class='ocr_par' dir='ltr' id='par_1_6' title="bbox 169 2067 1301 3115">
     <span class='ocr_line' id='line_1_18' title="bbox 169 2067 1261 2145; baseline 0 -16"><span class='ocrx_word' id='word_1_152' title='bbox 169 2071 325 2130; x_wconf 74' lang='lat' dir='ltr'>restitutae</span> <span class='ocrx_word' id='word_1_153' title='bbox 346 2078 492 2145; x_wconf 88' lang='lat' dir='ltr'>putantur.</span> <span class='ocrx_word' id='word_1_154' title='bbox 532 2068 633 2126; x_wconf 91' lang='lat' dir='ltr'>Venus</span> <span class='ocrx_word' id='word_1_155' title='bbox 652 2068 746 2143; x_wconf 91' lang='lat' dir='ltr'>prima</span> <span class='ocrx_word' id='word_1_156' title='bbox 759 2067 850 2126; x_wconf 90' lang='lat' dir='ltr'>Caelo</span> <span class='ocrx_word' id='word_1_157' title='bbox 870 2077 900 2126; x_wconf 91' lang='lat' dir='ltr'>et</span> <span class='ocrx_word' id='word_1_158' title='bbox 914 2069 972 2127; x_wconf 90' lang='lat' dir='ltr'>Die</span> <span class='ocrx_word' id='word_1_159' title='bbox 986 2079 1063 2140; x_wconf 91' lang='lat' dir='ltr'>nata,</span> <span class='ocrx_word' id='word_1_160' title='bbox 1077 2070 1160 2128; x_wconf 93' lang='lat' dir='ltr'>cuius</span> <span class='ocrx_word' id='word_1_161' title='bbox 1174 2069 1261 2129; x_wconf 87' lang='lat' dir='ltr'>Elide</span> 
     </span>
     <span class='ocr_line' id='line_1_19' title="bbox 209 2165 1261 2241; baseline 0 -15"><span class='ocrx_word' id='word_1_162' title='bbox 209 2168 364 2226; x_wconf 88' lang='lat' dir='ltr'>delubrum</span> <span class='ocrx_word' id='word_1_163' title='bbox 378 2165 514 2237; x_wconf 89' lang='lat' dir='ltr'>vidimus,</span> <span class='ocrx_word' id='word_1_164' title='bbox 529 2166 617 2224; x_wconf 87' lang='lat' dir='ltr'>altera</span> <span class='ocrx_word' id='word_1_165' title='bbox 630 2183 737 2241; x_wconf 89' lang='lat' dir='ltr'>spuma</span> <span class='ocrx_word' id='word_1_166' title='bbox 752 2176 913 2240; x_wconf 86' lang='lat' dir='ltr'>procreata,</span> <span class='ocrx_word' id='word_1_167' title='bbox 928 2184 966 2223; x_wconf 87' lang='lat' dir='ltr'>ex</span> <span class='ocrx_word' id='word_1_168' title='bbox 984 2185 1043 2241; x_wconf 90' lang='lat' dir='ltr'>qua</span> <span class='ocrx_word' id='word_1_169' title='bbox 1063 2179 1093 2225; x_wconf 91' lang='lat' dir='ltr'>et</span> <span class='ocrx_word' id='word_1_170' title='bbox 1114 2169 1261 2226; x_wconf 89' lang='lat' dir='ltr'>Mercurio</span> 
     </span>
     <span class='ocr_line' id='line_1_20' title="bbox 210 2259 1262 2338; baseline -0.002 -16"><span class='ocrx_word' id='word_1_171' title='bbox 210 2262 389 2338; x_wconf 90' lang='lat' dir='ltr'>Cupidinem</span> <span class='ocrx_word' id='word_1_172' title='bbox 414 2259 578 2320; x_wconf 89' lang='lat' dir='ltr'>secundum</span> <span class='ocrx_word' id='word_1_173' title='bbox 601 2271 704 2318; x_wconf 88' lang='lat' dir='ltr'>natum</span> <span class='ocrx_word' id='word_1_174' title='bbox 728 2261 906 2336; x_wconf 91' lang='lat' dir='ltr'>accepimus,</span> <span class='ocrx_word' id='word_1_175' title='bbox 932 2262 1016 2318; x_wconf 87' lang='lat' dir='ltr'>tertia</span> <span class='ocrx_word' id='word_1_176' title='bbox 1040 2263 1112 2320; x_wconf 90' lang='lat' dir='ltr'>Iove</span> <span class='ocrx_word' id='word_1_177' title='bbox 1137 2274 1205 2319; x_wconf 91' lang='lat' dir='ltr'>nata</span> <span class='ocrx_word' id='word_1_178' title='bbox 1232 2272 1262 2321; x_wconf 90' lang='lat' dir='ltr'>et</span> 
     </span>
     <span class='ocr_line' id='line_1_21' title="bbox 209 2355 1300 2433; baseline -0.003 -14"><span class='ocrx_word' id='word_1_179' title='bbox 209 2361 317 2431; x_wconf 92' lang='lat' dir='ltr'>Diona,</span> <span class='ocrx_word' id='word_1_180' title='bbox 331 2375 407 2433; x_wconf 89' lang='lat' dir='ltr'>quae</span> <span class='ocrx_word' id='word_1_181' title='bbox 422 2357 519 2432; x_wconf 88' lang='lat' dir='ltr'>nupsit</span> <span class='ocrx_word' id='word_1_182' title='bbox 533 2356 675 2428; x_wconf 91' lang='lat' dir='ltr'>Volcano,</span> <span class='ocrx_word' id='word_1_183' title='bbox 690 2355 744 2415; x_wconf 91' lang='lat' dir='ltr'>sed</span> <span class='ocrx_word' id='word_1_184' title='bbox 758 2374 796 2414; x_wconf 88' lang='lat' dir='ltr'>ex</span> <span class='ocrx_word' id='word_1_185' title='bbox 813 2374 850 2414; x_wconf 92' lang='lat' dir='ltr'>ea</span> <span class='ocrx_word' id='word_1_186' title='bbox 870 2369 900 2415; x_wconf 93' lang='lat' dir='ltr'>et</span> <span class='ocrx_word' id='word_1_187' title='bbox 921 2359 1016 2415; x_wconf 91' lang='lat' dir='ltr'>Marte</span> <span class='ocrx_word' id='word_1_188' title='bbox 1038 2367 1122 2415; x_wconf 91' lang='lat' dir='ltr'>uatus</span> <span class='ocrx_word' id='word_1_189' title='bbox 1136 2360 1262 2417; x_wconf 85' lang='lat' dir='ltr'>Anteros</span> <span class='ocrx_word' id='word_1_190' title='bbox 1275 2379 1300 2407; x_wconf 70' lang='grc' dir='ltr'><strong><em>ω</em></strong></span> 
     </span>
     <span class='ocr_line' id='line_1_22' title="bbox 208 2453 1261 2533; baseline -0.002 -18"><span class='ocrx_word' id='word_1_191' title='bbox 208 2457 325 2528; x_wconf 91' lang='lat' dir='ltr'>dicitur,</span> <span class='ocrx_word' id='word_1_192' title='bbox 340 2465 442 2533; x_wconf 90' lang='lat' dir='ltr'>quarta</span> <span class='ocrx_word' id='word_1_193' title='bbox 462 2454 542 2529; x_wconf 90' lang='lat' dir='ltr'>Syria</span> <span class='ocrx_word' id='word_1_194' title='bbox 563 2453 721 2530; x_wconf 90' lang='lat' dir='ltr'>Cyproque</span> <span class='ocrx_word' id='word_1_195' title='bbox 742 2463 897 2530; x_wconf 89' lang='lat' dir='ltr'>concepta,</span> <span class='ocrx_word' id='word_1_196' title='bbox 913 2472 989 2529; x_wconf 89' lang='lat' dir='ltr'>quae</span> <span class='ocrx_word' id='word_1_197' title='bbox 1004 2456 1117 2513; x_wconf 88' lang='lat' dir='ltr'>Astarte</span> <span class='ocrx_word' id='word_1_198' title='bbox 1131 2465 1261 2527; x_wconf 90' lang='lat' dir='ltr'>vocatur,</span> 
     </span>
     <span class='ocr_line' id='line_1_23' title="bbox 208 2550 1262 2630; baseline 0 -18"><span class='ocrx_word' id='word_1_199' title='bbox 208 2573 299 2630; x_wconf 91' lang='lat' dir='ltr'>quam</span> <span class='ocrx_word' id='word_1_200' title='bbox 320 2552 450 2612; x_wconf 88' lang='lat' dir='ltr'>Adonidi</span> <span class='ocrx_word' id='word_1_201' title='bbox 470 2551 604 2627; x_wconf 90' lang='lat' dir='ltr'>nupsisse</span> <span class='ocrx_word' id='word_1_202' title='bbox 624 2550 773 2627; x_wconf 91' lang='lat' dir='ltr'>proditum</span> <span class='ocrx_word' id='word_1_203' title='bbox 795 2561 849 2611; x_wconf 90' lang='lat' dir='ltr'>est.</span> <span class='ocrx_word' id='word_1_204' title='bbox 893 2551 1026 2610; x_wconf 90' lang='lat' dir='ltr'>Minerva</span> <span class='ocrx_word' id='word_1_205' title='bbox 1049 2552 1151 2627; x_wconf 92' lang='lat' dir='ltr'>prima,</span> <span class='ocrx_word' id='word_1_206' title='bbox 1173 2571 1262 2628; x_wconf 91' lang='lat' dir='ltr'>quam</span> 
     </span>
     <span class='ocr_line' id='line_1_24' title="bbox 209 2641 1262 2732; baseline -0.001 -21"><span class='ocrx_word' id='word_1_207' title='bbox 209 2651 352 2728; x_wconf 89' lang='lat' dir='ltr'>Apollinis</span> <span class='ocrx_word' id='word_1_208' title='bbox 379 2660 502 2709; x_wconf 89' lang='lat' dir='ltr'>matrem</span> <span class='ocrx_word' id='word_1_209' title='bbox 529 2667 616 2725; x_wconf 90' lang='lat' dir='ltr'>supra</span> <span class='ocrx_word' id='word_1_210' title='bbox 644 2648 792 2732; x_wconf 75' lang='lat' dir='ltr'>diximus,</span> <span class='ocrx_word' id='word_1_211' title='bbox 808 2641 940 2709; x_wconf 82' lang='lat' dir='ltr'>secunda</span> <span class='ocrx_word' id='word_1_212' title='bbox 970 2661 1034 2709; x_wconf 89' lang='lat' dir='ltr'>orta</span> <span class='ocrx_word' id='word_1_213' title='bbox 1065 2650 1144 2723; x_wconf 91' lang='lat' dir='ltr'>Nilo,</span> <span class='ocrx_word' id='word_1_214' title='bbox 1172 2669 1262 2726; x_wconf 89' lang='lat' dir='ltr'>quarn</span> 
     </span>
     <span class='ocr_line' id='line_1_25' title="bbox 209 2747 1264 2826; baseline -0.001 -18"><span class='ocrx_word' id='word_1_215' title='bbox 209 2749 344 2826; x_wconf 87' lang='lat' dir='ltr'>Aegyptii</span> <span class='ocrx_word' id='word_1_216' title='bbox 358 2749 452 2807; x_wconf 89' lang='lat' dir='ltr'>Saitae</span> <span class='ocrx_word' id='word_1_217' title='bbox 471 2747 580 2819; x_wconf 91' lang='lat' dir='ltr'>colunt,</span> <span class='ocrx_word' id='word_1_218' title='bbox 595 2748 680 2806; x_wconf 90' lang='lat' dir='ltr'>tertia</span> <span class='ocrx_word' id='word_1_219' title='bbox 698 2748 754 2819; x_wconf 87' lang='lat' dir='ltr'>illa,</span> <span class='ocrx_word' id='word_1_220' title='bbox 772 2767 860 2823; x_wconf 90' lang='lat' dir='ltr'>quam</span> <span class='ocrx_word' id='word_1_221' title='bbox 874 2767 892 2806; x_wconf 92' lang='lat' dir='ltr'>a</span> <span class='ocrx_word' id='word_1_222' title='bbox 907 2749 979 2807; x_wconf 93' lang='lat' dir='ltr'>Iove</span> <span class='ocrx_word' id='word_1_223' title='bbox 993 2758 1162 2824; x_wconf 86' lang='lat' dir='ltr'>generatam</span> <span class='ocrx_word' id='word_1_224' title='bbox 1176 2768 1264 2826; x_wconf 91' lang='lat' dir='ltr'>supra</span> 
     </span>
     <span class='ocr_line' id='line_1_26' title="bbox 209 2846 1301 2923; baseline 0.003 -17"><span class='ocrx_word' id='word_1_225' title='bbox 209 2846 345 2920; x_wconf 89' lang='lat' dir='ltr'>diximus,</span> <span class='ocrx_word' id='word_1_226' title='bbox 360 2856 461 2923; x_wconf 90' lang='lat' dir='ltr'>quarta</span> <span class='ocrx_word' id='word_1_227' title='bbox 482 2847 554 2904; x_wconf 93' lang='lat' dir='ltr'>Iove</span> <span class='ocrx_word' id='word_1_228' title='bbox 575 2856 644 2903; x_wconf 88' lang='lat' dir='ltr'>nata</span> <span class='ocrx_word' id='word_1_229' title='bbox 664 2855 693 2904; x_wconf 92' lang='lat' dir='ltr'>et</span> <span class='ocrx_word' id='word_1_230' title='bbox 715 2846 862 2922; x_wconf 89' lang='lat' dir='ltr'>Coryphe,</span> <span class='ocrx_word' id='word_1_231' title='bbox 882 2846 996 2906; x_wconf 90' lang='lat' dir='ltr'>Oceani</span> <span class='ocrx_word' id='word_1_232' title='bbox 1017 2847 1083 2919; x_wconf 86' lang='lat' dir='ltr'>filia,</span> <span class='ocrx_word' id='word_1_233' title='bbox 1099 2865 1188 2922; x_wconf 92' lang='lat' dir='ltr'>quam</span> <span class='ocrx_word' id='word_1_234' title='bbox 1210 2850 1261 2906; x_wconf 93' lang='lat' dir='ltr'>Ar·</span> <span class='ocrx_word' id='word_1_235' title='bbox 1275 2871 1301 2910; x_wconf 70' lang='lat' dir='ltr'>aa</span> 
     </span>
     <span class='ocr_line' id='line_1_27' title="bbox 210 2941 1261 3018; baseline -0.001 -16"><span class='ocrx_word' id='word_1_236' title='bbox 210 2944 299 3002; x_wconf 90' lang='lat' dir='ltr'>cades</span> <span class='ocrx_word' id='word_1_237' title='bbox 328 2941 433 3016; x_wconf 81' lang='grc' dir='ltr'>Κορίαν</span> <span class='ocrx_word' id='word_1_238' title='bbox 460 2943 614 3000; x_wconf 90' lang='lat' dir='ltr'>nominant</span> <span class='ocrx_word' id='word_1_239' title='bbox 642 2951 672 3000; x_wconf 89' lang='lat' dir='ltr'>et</span> <span class='ocrx_word' id='word_1_240' title='bbox 706 2942 911 3018; x_wconf 89' lang='lat' dir='ltr'>quadrigarum</span> <span class='ocrx_word' id='word_1_241' title='bbox 939 2944 1130 3001; x_wconf 91' lang='lat' dir='ltr'>inventricem</span> <span class='ocrx_word' id='word_1_242' title='bbox 1158 2945 1261 3016; x_wconf 83' lang='lat' dir='ltr'>serunt,</span> 
     </span>
     <span class='ocr_line' id='line_1_28' title="bbox 209 3037 1262 3115; baseline 0.001 -19"><span class='ocrx_word' id='word_1_243' title='bbox 209 3041 312 3115; x_wconf 90' lang='lat' dir='ltr'>quinta</span> <span class='ocrx_word' id='word_1_244' title='bbox 332 3037 477 3107; x_wconf 90' lang='lat' dir='ltr'>Pallantis,</span> <span class='ocrx_word' id='word_1_245' title='bbox 498 3056 573 3112; x_wconf 89' lang='lat' dir='ltr'>quae</span> <span class='ocrx_word' id='word_1_246' title='bbox 598 3049 712 3113; x_wconf 89' lang='lat' dir='ltr'>patrem</span> <span class='ocrx_word' id='word_1_247' title='bbox 736 3038 843 3097; x_wconf 91' lang='lat' dir='ltr'>dicitur</span> <span class='ocrx_word' id='word_1_248' title='bbox 866 3039 1047 3097; x_wconf 87' lang='lat' dir='ltr'>interemisse</span> <span class='ocrx_word' id='word_1_249' title='bbox 1068 3040 1262 3114; x_wconf 88' lang='lat' dir='ltr'>virginitatem</span> 
     </span>
    </p>

    <p class='ocr_par' dir='ltr' id='par_1_7' title="bbox 172 3132 1302 3959">
     <span class='ocr_line' id='line_1_29' title="bbox 172 3132 1262 3210; baseline -0.002 -16"><span class='ocrx_word' id='word_1_250' title='bbox 172 3154 199 3194; x_wconf 83' lang='lat' dir='ltr'>oo</span> <span class='ocrx_word' id='word_1_251' title='bbox 211 3153 292 3193; x_wconf 93' lang='lat' dir='ltr'>suam</span> <span class='ocrx_word' id='word_1_252' title='bbox 307 3132 414 3191; x_wconf 90' lang='lat' dir='ltr'>violare</span> <span class='ocrx_word' id='word_1_253' title='bbox 429 3144 596 3205; x_wconf 90' lang='lat' dir='ltr'>conantem,</span> <span class='ocrx_word' id='word_1_254' title='bbox 612 3134 660 3192; x_wconf 94' lang='lat' dir='ltr'>cui</span> <span class='ocrx_word' id='word_1_255' title='bbox 674 3135 829 3209; x_wconf 89' lang='lat' dir='ltr'>pinnarum</span> <span class='ocrx_word' id='word_1_256' title='bbox 843 3135 943 3193; x_wconf 88' lang='lat' dir='ltr'>talaria</span> <span class='ocrx_word' id='word_1_257' title='bbox 960 3133 1100 3209; x_wconf 86' lang='lat' dir='ltr'>adfigunt.</span> <span class='ocrx_word' id='word_1_258' title='bbox 1143 3134 1262 3210; x_wconf 92' lang='lat' dir='ltr'>Cupido</span> 
     </span>
     <span class='ocr_line' id='line_1_30' title="bbox 211 3229 1262 3306; baseline 0.001 -19"><span class='ocrx_word' id='word_1_259' title='bbox 211 3231 321 3306; x_wconf 90' lang='lat' dir='ltr'>primus</span> <span class='ocrx_word' id='word_1_260' title='bbox 343 3229 491 3286; x_wconf 90' lang='lat' dir='ltr'>Mercurio</span> <span class='ocrx_word' id='word_1_261' title='bbox 512 3239 541 3286; x_wconf 92' lang='lat' dir='ltr'>et</span> <span class='ocrx_word' id='word_1_262' title='bbox 562 3230 659 3288; x_wconf 90' lang='lat' dir='ltr'>Diana</span> <span class='ocrx_word' id='word_1_263' title='bbox 679 3231 773 3305; x_wconf 89' lang='lat' dir='ltr'>prima</span> <span class='ocrx_word' id='word_1_264' title='bbox 792 3241 877 3289; x_wconf 90' lang='lat' dir='ltr'>natus</span> <span class='ocrx_word' id='word_1_265' title='bbox 892 3229 1005 3300; x_wconf 91' lang='lat' dir='ltr'>dicitur,</span> <span class='ocrx_word' id='word_1_266' title='bbox 1020 3230 1168 3288; x_wconf 90' lang='lat' dir='ltr'>secundus</span> <span class='ocrx_word' id='word_1_267' title='bbox 1182 3233 1262 3288; x_wconf 89' lang='lat' dir='ltr'>Mer·</span> 
     </span>
     <span class='ocr_line' id='line_1_31' title="bbox 210 3325 1302 3400; baseline 0.004 -18"><span class='ocrx_word' id='word_1_268' title='bbox 210 3326 292 3382; x_wconf 91' lang='lat' dir='ltr'>curio</span> <span class='ocrx_word' id='word_1_269' title='bbox 314 3335 343 3381; x_wconf 94' lang='lat' dir='ltr'>et</span> <span class='ocrx_word' id='word_1_270' title='bbox 363 3325 478 3381; x_wconf 90' lang='lat' dir='ltr'>Venere</span> <span class='ocrx_word' id='word_1_271' title='bbox 499 3325 639 3397; x_wconf 89' lang='lat' dir='ltr'>secunda,</span> <span class='ocrx_word' id='word_1_272' title='bbox 655 3327 763 3396; x_wconf 88' lang='lat' dir='ltr'>tertius,</span> <span class='ocrx_word' id='word_1_273' title='bbox 781 3327 831 3400; x_wconf 94' lang='lat' dir='ltr'>qui</span> <span class='ocrx_word' id='word_1_274' title='bbox 853 3325 932 3383; x_wconf 91' lang='lat' dir='ltr'>idem</span> <span class='ocrx_word' id='word_1_275' title='bbox 953 3336 998 3383; x_wconf 90' lang='lat' dir='ltr'>est</span> <span class='ocrx_word' id='word_1_276' title='bbox 1018 3327 1151 3397; x_wconf 89' lang='lat' dir='ltr'>Anteros,</span> <span class='ocrx_word' id='word_1_277' title='bbox 1167 3328 1263 3385; x_wconf 91' lang='lat' dir='ltr'>Marte</span> <span class='ocrx_word' id='word_1_278' title='bbox 1276 3349 1302 3387; x_wconf 78' lang='lat' dir='ltr'>ao</span> 
     </span>
     <span class='ocr_line' id='line_1_32' title="bbox 210 3421 1264 3497; baseline 0.003 -18"><span class='ocrx_word' id='word_1_279' title='bbox 210 3432 240 3479; x_wconf 98' lang='lat' dir='ltr'>et</span> <span class='ocrx_word' id='word_1_280' title='bbox 260 3422 375 3478; x_wconf 89' lang='lat' dir='ltr'>Venere</span> <span class='ocrx_word' id='word_1_281' title='bbox 399 3421 492 3481; x_wconf 90' lang='lat' dir='ltr'>tertia.</span> <span class='ocrx_word' id='word_1_282' title='bbox 535 3424 632 3497; x_wconf 88' lang='lat' dir='ltr'>Atque</span> <span class='ocrx_word' id='word_1_283' title='bbox 657 3422 731 3480; x_wconf 87' lang='lat' dir='ltr'>haec</span> <span class='ocrx_word' id='word_1_284' title='bbox 755 3422 875 3496; x_wconf 89' lang='lat' dir='ltr'>quidem</span> <span class='ocrx_word' id='word_1_285' title='bbox 896 3421 1011 3496; x_wconf 90' lang='lat' dir='ltr'>aliaque</span> <span class='ocrx_word' id='word_1_286' title='bbox 1036 3423 1098 3481; x_wconf 91' lang='lat' dir='ltr'>eius</span> <span class='ocrx_word' id='word_1_287' title='bbox 1122 3424 1204 3482; x_wconf 87' lang='lat' dir='ltr'>modi</span> <span class='ocrx_word' id='word_1_288' title='bbox 1226 3442 1264 3482; x_wconf 83' lang='lat' dir='ltr'>ex</span> 
     </span>
     <span class='ocr_line' id='line_1_33' title="bbox 209 3517 1262 3594; baseline 0.004 -19"><span class='ocrx_word' id='word_1_289' title='bbox 209 3527 307 3575; x_wconf 89' lang='lat' dir='ltr'>vetere</span> <span class='ocrx_word' id='word_1_290' title='bbox 321 3518 465 3576; x_wconf 87' lang='lat' dir='ltr'>Graeciae</span> <span class='ocrx_word' id='word_1_291' title='bbox 481 3517 558 3576; x_wconf 83' lang='lat' dir='ltr'>sama</span> <span class='ocrx_word' id='word_1_292' title='bbox 572 3519 695 3576; x_wconf 90' lang='lat' dir='ltr'>collecta</span> <span class='ocrx_word' id='word_1_293' title='bbox 708 3528 783 3588; x_wconf 93' lang='lat' dir='ltr'>sunt,</span> <span class='ocrx_word' id='word_1_294' title='bbox 795 3519 901 3592; x_wconf 91' lang='lat' dir='ltr'>quibus</span> <span class='ocrx_word' id='word_1_295' title='bbox 915 3518 1056 3594; x_wconf 87' lang='lat' dir='ltr'>intellegis</span> <span class='ocrx_word' id='word_1_296' title='bbox 1070 3519 1262 3578; x_wconf 90' lang='lat' dir='ltr'>resistendum</span> 
     </span>
     <span class='ocr_line' id='line_1_34' title="bbox 210 3614 1263 3689; baseline 0.002 -17"><span class='ocrx_word' id='word_1_297' title='bbox 210 3632 284 3684; x_wconf 90' lang='lat' dir='ltr'>esse,</span> <span class='ocrx_word' id='word_1_298' title='bbox 300 3632 338 3672; x_wconf 92' lang='lat' dir='ltr'>ne</span> <span class='ocrx_word' id='word_1_299' title='bbox 353 3615 557 3689; x_wconf 87' lang='lat' dir='ltr'>perturbentur</span> <span class='ocrx_word' id='word_1_300' title='bbox 572 3614 734 3688; x_wconf 89' lang='lat' dir='ltr'>religiones.</span> <span class='ocrx_word' id='word_1_301' title='bbox 775 3615 871 3673; x_wconf 87' lang='lat' dir='ltr'>Vestri</span> <span class='ocrx_word' id='word_1_302' title='bbox 886 3625 983 3674; x_wconf 91' lang='lat' dir='ltr'>autem</span> <span class='ocrx_word' id='word_1_303' title='bbox 998 3633 1058 3674; x_wconf 91' lang='lat' dir='ltr'>non</span> <span class='ocrx_word' id='word_1_304' title='bbox 1078 3615 1169 3674; x_wconf 92' lang='lat' dir='ltr'>modo</span> <span class='ocrx_word' id='word_1_305' title='bbox 1189 3617 1263 3674; x_wconf 89' lang='lat' dir='ltr'>haec</span> 
     </span>
     <span class='ocr_line' id='line_1_35' title="bbox 209 3710 1263 3787; baseline 0.002 -19"><span class='ocrx_word' id='word_1_306' title='bbox 209 3728 270 3768; x_wconf 93' lang='lat' dir='ltr'>non</span> <span class='ocrx_word' id='word_1_307' title='bbox 291 3710 434 3780; x_wconf 80' lang='lat' dir='ltr'>refellunt,</span> <span class='ocrx_word' id='word_1_308' title='bbox 449 3727 550 3767; x_wconf 89' lang='lat' dir='ltr'>verum</span> <span class='ocrx_word' id='word_1_309' title='bbox 571 3710 658 3767; x_wconf 90' lang='lat' dir='ltr'>etiam</span> <span class='ocrx_word' id='word_1_310' title='bbox 680 3710 854 3769; x_wconf 86' lang='lat' dir='ltr'>confirmant</span> <span class='ocrx_word' id='word_1_311' title='bbox 876 3711 1103 3787; x_wconf 88' lang='lat' dir='ltr'>interpretando,</span> <span class='ocrx_word' id='word_1_312' title='bbox 1123 3729 1263 3787; x_wconf 89' lang='lat' dir='ltr'>quorsum</span> 
     </span>
     <span class='ocr_line' id='line_1_36' title="bbox 209 3804 1300 3882; baseline 0.002 -19"><span class='ocrx_word' id='word_1_313' title='bbox 209 3805 340 3880; x_wconf 86' lang='lat' dir='ltr'>quidque</span> <span class='ocrx_word' id='word_1_314' title='bbox 367 3805 520 3880; x_wconf 86' lang='lat' dir='ltr'>pertineat.</span> <span class='ocrx_word' id='word_1_315' title='bbox 562 3804 621 3863; x_wconf 89' lang='lat' dir='ltr'>Sed</span> <span class='ocrx_word' id='word_1_316' title='bbox 649 3823 686 3862; x_wconf 95' lang='lat' dir='ltr'>eo</span> <span class='ocrx_word' id='word_1_317' title='bbox 714 3805 782 3879; x_wconf 90' lang='lat' dir='ltr'>iam,</span> <span class='ocrx_word' id='word_1_318' title='bbox 810 3805 890 3865; x_wconf 94' lang='lat' dir='ltr'>unde</span> <span class='ocrx_word' id='word_1_319' title='bbox 918 3806 975 3865; x_wconf 88' lang='lat' dir='ltr'>huc</span> <span class='ocrx_word' id='word_1_320' title='bbox 1005 3806 1125 3882; x_wconf 88' lang='lat' dir='ltr'>digressi</span> <span class='ocrx_word' id='word_1_321' title='bbox 1153 3825 1262 3879; x_wconf 91' lang='lat' dir='ltr'>sumus,</span> <span class='ocrx_word' id='word_1_322' title='bbox 1276 3824 1300 3865; x_wconf 77' lang='lat' dir='ltr'>as</span> 
     </span>
     <span class='ocr_line' id='line_1_37' title="bbox 208 3911 393 3959; baseline 0.005 -1"><span class='ocrx_word' id='word_1_323' title='bbox 208 3911 393 3959; x_wconf 89' lang='lat' dir='ltr'>revertamur.</span> 
     </span>
    </p>
   </div>
   <div class='ocr_carea' id='block_1_3' title="bbox 0 0 1470 4364">
    <p class='ocr_par' dir='ltr' id='par_1_8' title="bbox 0 0 1470 4364">
     <span class='ocr_line' id='line_1_38' title="bbox 0 0 1470 4364; baseline 0 0"><span class='ocrx_word' id='word_1_324' title='bbox 0 0 1470 4364; x_wconf 95' lang='lat' dir='ltr'> </span> 
     </span>
    </p>
   </div>
  </div>
 </body>
</html>
