2932 4364
174 404 213 470 52
498 405 546 455 DE
568 405 713 455 NATURA
737 405 896 456 DEORUM.

171 559 233 618 aliis
256 558 439 618 cadentibus.
482 561 528 617 An
553 559 583 616 in
611 558 767 618 individuis
791 560 968 635 corpusculis
993 569 1054 618 tam
1078 560 1226 636 praeclara

171 674 262 731 opera
280 656 358 713 nulla
379 655 551 714 moderante
572 641 684 726 natura,
699 656 777 712 nulla
797 656 908 713 ratione
929 657 1127 730 fingentibus?
1167 657 1225 715 Sed

171 753 277 810 oblitus
296 751 472 810 liberalitatis
494 770 586 822 meae,
602 771 661 826 qua
681 761 780 809 tecum
800 753 888 826 paulo
909 763 976 810 ante
997 753 1039 810 uti
1058 745 1225 828 coeperam,

172 849 254 923 plura
282 849 472 923 complector.
525 847 699 906 Concedam
727 847 812 922 igitur
840 866 876 905 ex
904 848 1061 906 individuis
1090 858 1225 906 constare

134 962 160 1002 us
173 946 281 1003 omnia.
324 944 404 1019 Quid
425 944 463 1002 ad
485 946 568 1002 rem?
595 943 719 1002 deorum
741 945 788 1001 eni
833 954 954 1056 ,ssat-ura,
966 945 1120 1018 quaeritur.
1163 946 1257 1003 Sints

173 1059 243 1099 sane
258 1059 295 1099 ex
308 1041 432 1113 atomis3
453 1058 514 1099 non
535 1040 620 1116 igitur
634 1040 753 1098 aeterni.
786 963 910 1114 Quod]
893 1007 987 1098 Jemm
1009 1058 1045 1098 ex
1066 1041 1179 1111 atomis,
1195 1040 1226 1098 id

172 1149 274 1196 natum
288 1138 445 1213 aliquando
460 1146 522 1209 est3
544 1137 568 1194 si
581 1146 692 1206 natum,
707 1136 777 1193 nulli
791 1136 839 1193 dei
859 1145 925 1194 ante
941 1153 1030 1210 quam
1051 1137 1130 1209 nati;
1151 1146 1182 1195 et
1202 1138 1226 1195 si

173 1245 252 1293 ortus
267 1245 310 1293 est
325 1234 457 1305 deorum,
472 1233 602 1291 interitus
623 1232 660 1289 sit
680 1250 802 1290 necesse
824 1242 876 1303 est,
891 1242 923 1290 ut
938 1243 974 1291 ‚tu
995 1232 1083 1308 paulo
1104 1242 1172 1291 ante
1187 1231 1226 1291 de

174 1331 301 1389 Platonis
316 1330 427 1388 mundo
442 1329 620 1404 disputabas.
662 1328 722 1387 Ubi
738 1329 823 1404 igitur
837 1328 907 1386 illud
921 1338 1048 1388 vestrum
1063 1329 1183 1388 beatum
1197 1339 1226 1388 et

173 1428 344 1485 aetemunr?
364 1427 469 1502 quibus
490 1425 605 1484 duobus
619 1425 713 1484 verbis
734 1425 901 1500 significatis
923 1424 1013 1484 deum
1024 1447 1032 1498 ;
1054 1426 1136 1501 quod
1157 1443 1265 1483 cum10

173 1524 289 1582 efficere
312 1524 406 1594 vultis,
431 1524 461 1580 in
484 1523 605 1581 dumeta
627 1522 794 1597 conrepitis.
838 1523 884 1580 Ita
908 1522 987 1579 enim
1011 1520 1140 1594 dicebas,
1164 1541 1226 1581 non

173 1637 279 1694 corpus
294 1637 357 1678 esse
375 1621 405 1677 in
419 1618 486 1691 deo,
501 1618 554 1677 sed
569 1618 652 1693 quasi
672 1635 789 1693 corpus,
804 1635 865 1675 nec¹
882 1618 1064 1694 sanguinem,
1078 1617 1132 1676 sed
1152 1627 1225 1677 tam·

174 1734 261 1792 quarn
276 1716 456 1791 sanguinem.

131 1793 167 1900 ἓξ
217 1814 286 1871 Hoc
307 1829 447 1888 persaepe
468 1812 571 1884 facitis,
585 1820 626 1884 ut,
641 1829 709 1869 curn
731 1810 840 1888 aliquid
860 1830 921 1870 non
935 1811 995 1870 veri
1015 1811 1107 1870 simile
1122 1810 1225 1871 dicatis

174 1920 204 1968 et
224 1909 350 1984 effugere
371 1909 627 1985 reprehensionem
647 1909 748 1981 velitis,
770 1908 905 1967 adferatis
926 1907 1045 1983 aliquid,
1060 1909 1142 1984 quod
1162 1927 1264 1982 om-15

126 2046 128 2051 1
173 2009 245 2066 nino
259 1991 296 2066 ne
310 2007 377 2073 fieri,
387 2003 506 2081 quidem
521 2006 620 2081 possit,
635 2015 667 2064 ut
687 2006 776 2065 satius
797 2006 881 2064 fuerit
901 2004 972 2065 illud
993 2006 1097 2082 ipsum,
1112 2006 1225 2082 dequo

174 2105 383 2181 ambigebatur,
398 2104 563 2162 concedere
578 2121 666 2177 quam
681 2113 741 2161 tam
758 2102 935 2179 inpudenter
954 2103 1097 2163 resistere.
1138 2104 1227 2162 Velut

176 2201 320 2276 Epicurus
341 2218 410 2257 cunr
424 2198 544 2269 videret,
566 2200 590 2256 si
610 2200 700 2257 atomi
722 2199 862 2258 ferrentur
886 2200 915 2258 in
938 2200 1037 2258 locum
1060 2201 1226 2260 inferiorem

175 2306 278 2371 suopte
293 2294 435 2370 pondere,
450 2294 522 2352 nihil
536 2295 619 2352 fore
612 2313 642 2352 ιιι
656 2306 755 2353 nostra
768 2304 923 2369 potestate,
938 2294 1021 2370 quod
1035 2304 1112 2355 esset
1126 2314 1226 2355 earum

176 2401 272 2450 motus
296 2402 391 2449 certus
416 2400 446 2448 et
469 2391 658 2461 necessarius,
680 2391 798 2463 invenit,
820 2408 879 2464 quo
904 2393 996 2450 modo
1019 2393 1225 2451 necessitatem
1239 2421 1265 2449 ω

176 2488 322 2562 effugeret,
334 2485 415 2561 quod
430 2485 565 2544 videlicet
580 2487 784 2545 Democritum
798 2487 929 2562 fugerat,
951 2488 991 2545 ait
1005 2497 1145 2560 atomum,
1157 2507 1224 2548 cum

174 2582 308 2660 pondere
330 2593 358 2641 et
379 2583 516 2658 gravitate
531 2583 652 2641 derecto
674 2582 796 2641 deorsus
820 2584 936 2655 feratur,
951 2582 1099 2643 declinare
1123 2586 1225 2660 paulu-

137 2701 163 2743 ιο
173 2681 244 2739 lum.
288 2682 356 2739 Hoc
372 2680 469 2737 dicere
491 2680 601 2754 turpius
615 2690 658 2737 est
673 2697 761 2754 quarn
782 2679 862 2751 illud,
876 2679 959 2755 quod
973 2682 1041 2752 vult,
1057 2699 1118 2740 non
1137 2699 1225 2757 posse

173 2775 344 2835 defendere.
387 2776 473 2834 Idem
488 2776 556 2833 facit
577 2776 680 2833 contra
690 2776 860 2834 dialecticos
873 2797 880 2848 ;
903 2777 1039 2852 aquibus
1054 2795 1123 2835 curn
1137 2779 1224 2836 tradi·

174 2881 237 2930 tum
251 2873 287 2930 sit
301 2873 331 2929 in
344 2871 480 2929 omnibus
495 2870 731 2943 diiunctionibus,
743 2872 773 2928 in
787 2873 893 2945 quibus
914 2874 998 2930 ‘aut
1019 2873 1139 2932 etiam
1160 2885 1225 2933 aut
1240 2905 1264 2943 25

174 2970 269 3026 non'
294 2977 460 3045 poneretur,
485 2956 606 3024 altemm
630 2977 726 3025 utrum
751 2985 815 3026 esse
836 2985 946 3039 verum,
967 2968 1124 3043 pertimuit,
1138 2988 1187 3042 ne,
1202 2971 1226 3029 si

176 3083 349 3124 concessum
364 3074 440 3123 esset
454 3063 538 3123 buius
554 3063 635 3123 modi
649 3062 776 3139 aliquid:
800 3066 892 3123 ‘Aut
915 3064 1024 3125 vivet
1047 3084 1135 3126 cras
1160 3080 1226 3127 aut

175 3181 252 3221 non
279 3163 389 3221 vivet
416 3153 643 3238 Epicurus’,
665 3162 833 3220 alterutrum
855 3162 937 3221 fieret
960 3165 1166 3237 necessarium,
1181 3177 1225 3225 to-

175 3260 309 3318 tumhoc
325 3264 408 3318 ‘aut
431 3259 552 3335 etiarn
579 3266 645 3317 aut
673 3260 768 3317 non’
789 3260 905 3335 negavit
923 3277 987 3318 esse
1008 3263 1225 3335 necessarium;

175 3375 235 3431 quo
254 3354 326 3432 quid
342 3356 401 3414 dici
422 3357 517 3432 potuit
537 3355 690 3415 obtusius?
729 3356 881 3431 Urguebat
901 3358 1044 3416 Arcesilas
1065 3360 1224 3432 Zenonem,
1240 3389 1265 3426 ,ο

175 3454 320 3527 cumipse
337 3454 407 3511 falsa
427 3453 527 3511 onmia
547 3451 667 3522 diceret,
683 3469 758 3528 quae
780 3445 912 3511 sensibus
933 3453 1108 3528 viderentur,
1124 3458 1226 3524 Zenon

174 3559 272 3606 autern
287 3568 347 3607 non
362 3549 440 3607 nulla
452 3549 514 3606 visa
530 3566 594 3606 esse
613 3548 692 3619 falsa,
707 3565 767 3606 non
788 3549 897 3607 omnia.
938 3551 1050 3609 Timuit
1071 3553 1225 3627 Epicurus,

174 3663 221 3717 ne,
243 3647 267 3702 si
290 3664 382 3703 unum
404 3647 498 3702 visum
521 3655 597 3702 esset
619 3645 730 3715 falsum,
753 3645 865 3702 nullum
888 3655 965 3704 esset
986 3665 1105 3705 verum:
1130 3651 1225 3708 omnis

174 3758 276 3798 sensus
301 3741 359 3799 veri
387 3740 504 3797 nuntios
532 3739 605 3796 dixit
632 3756 704 3796 esse.
748 3739 828 3797 Nihil
855 3738 960 3798 horum
988 3741 1072 3799 nimis
1101 3728 1278 3816 cattide‘ffu

174 3835 335 3911 graviorem
366 3835 444 3892 enim
475 3833 591 3910 plagam
624 3832 796 3908 accipiebat,
825 3843 858 3892 ut
892 3835 1028 3893 leviorem
1064 3838 1224 3912 repelleret.
1239 3823 1263 3896 ss
