2932 4364
222 352 281 415 132
547 356 596 407 DE
616 356 763 408 NATURA
784 353 944 407 DEORUM.

219 512 308 583 Ulixi,
325 511 474 586 Diomedi,
490 512 714 588 Agamemnoni,
729 512 844 584 Achilli,
859 521 956 570 certos
977 510 1051 569 deos
1072 507 1275 568 discriminum

221 619 252 668 et
265 609 460 684 periculorum
475 610 600 669 comites
613 609 794 686 adiungeret.
837 610 989 667 Praeterea
1007 608 1136 682 ipsorum
1151 605 1275 664 deorum

222 723 310 781 saepe
325 707 516 782 praesentiae,
531 707 632 780 quales
652 724 739 780 supra
761 705 998 774 commemoravi,
1013 703 1163 761 declarant
1183 702 1221 762 ab
1242 703 1276 759 iis

223 811 253 860 et
266 803 430 860 civitatibus
444 810 475 859 et
488 802 607 876 singulis
622 802 788 859 horninibus
803 801 915 858 consuli
927 821 934 871 3
957 799 1039 873 quod
1058 799 1179 873 quidem
1193 797 1276 855 intel·

222 897 326 972 legitur
339 898 427 954 etiarn
448 897 707 970 significationibus
728 913 824 952 rerum
846 896 1013 964 suturarum,
1029 911 1105 968 quae
1125 903 1189 951 tum
1210 893 1276 951 dor·
1297 915 1308 952 s

224 993 391 1063 mientibus,
419 1001 482 1049 tum
508 991 692 1066 vigilantibus
723 989 946 1066 portenduntur.
1004 990 1099 1048 Multa
1127 999 1278 1065 praeterea

225 1089 355 1160 ostentis,
379 1087 471 1146 multa
494 1088 567 1146 extis
591 1086 786 1146 admonemur
810 1086 966 1162 multisque
993 1087 1080 1145 rebus
1109 1086 1180 1158 aliis,
1205 1103 1278 1161 quas

184 1196 218 1267 Ιβῖ
226 1186 378 1245 diuturnus
392 1204 461 1244 usus
475 1187 516 1244 ita
529 1186 648 1258 notavit,
661 1195 694 1244 ut
707 1195 800 1243 artem
811 1183 997 1243 divinationis
1011 1184 1149 1243 efficeret.
1178 1183 1278 1242 Nemo

194 1272 199 1342 l
225 1284 310 1359 igitur
324 1282 366 1340 vir
379 1300 502 1358 magnus
517 1282 579 1340 sine
594 1283 692 1357 aliquo
706 1280 815 1340 adflatu
833 1281 934 1340 divino
951 1299 1091 1356 umquam
1108 1280 1169 1339 luit.
1212 1281 1279 1339 Nec

201 1441 206 1452 ,
225 1397 294 1438 vero
309 1381 344 1438 id
354 1380 394 1437 ita
407 1378 598 1437 refellendum
613 1389 666 1451 est,
682 1388 722 1450 ut,
735 1379 758 1438 si
773 1378 921 1454 segetibus
936 1389 986 1437 aut
999 1379 1103 1436 vinetis
1117 1378 1279 1452 cuiuspiam
1294 1401 1318 1428 ιο

225 1486 384 1552 tempestas
398 1477 540 1548 nocuerit,
555 1487 606 1534 aut
626 1474 737 1552 siquid
758 1493 775 1534 e
792 1476 868 1535 vitae
890 1475 1056 1534 commodis
1077 1493 1162 1533 casus
1183 1475 1280 1532 abstu-

226 1575 298 1646 lerit,
323 1592 401 1647 eum,
429 1574 478 1632 cui
505 1572 577 1649 quid
606 1573 711 1632 homm
739 1573 889 1645 acciderit,
915 1583 965 1631 aut
993 1573 1117 1656 invisum
1145 1571 1203 1630 deo
1231 1581 1281 1629 aut

226 1673 395 1747 neglectum
416 1690 434 1728 a
454 1671 514 1729 deo
534 1670 709 1730 iudicemus.
753 1672 865 1746 Magna
886 1671 917 1728 di
938 1680 1049 1740 curant,
1070 1687 1160 1745 parva
1182 1669 1280 1743 negle-

228 1778 308 1844 gunt.
350 1769 467 1843 Magnis
488 1777 587 1826 autem
601 1761 667 1826 'viris
689 1785 846 1843 prosperae
868 1783 985 1840 semper
1004 1784 1108 1824 omnes
1122 1783 1178 1836 res,
1193 1765 1280 1839 siqui-

229 1858 298 1924 de'm
313 1865 381 1923 satis
397 1883 416 1922 a
435 1865 539 1923 nostris
561 1874 591 1922 et
612 1883 630 1922 a
649 1865 782 1940 principe
804 1862 1007 1939 philosophiae
1029 1863 1147 1922 Socrate
1168 1860 1319 1925 dictum15

230 1972 274 2021 est
288 1960 326 2021 de
340 1962 519 2021 ubertatibus
533 1961 644 2020 virtutis
658 1971 688 2019 et
703 1962 806 2036 copiis.

186 2040 224 2148 h}
274 2061 361 2117 Haec
375 2058 446 2117 mihi
460 2059 519 2116 lere
534 2059 563 2117 in
578 2054 708 2116 mentem
722 2058 888 2129 veniebant,
903 2075 979 2133 quae
1000 2056 1129 2116 dicenda
1148 2065 1282 2133 putarem

230 2155 269 2216 de
292 2165 395 2214 natura
416 2154 549 2214 deorum.
590 2156 637 2213 Tu
662 2164 770 2225 autem,
794 2154 891 2225 Cotta,
906 2155 930 2212 si
954 2171 1002 2212 me
1023 2154 1134 2225 audias,
1156 2141 1284 2212 eandem

232 2269 350 2309 causam
361 2269 430 2325 agas
441 2261 529 2325 teque
544 2259 573 2308 et
587 2251 751 2325 principem
762 2250 857 2307 civem
872 2259 902 2306 et
915 2249 1085 2324 pontificem
1096 2267 1161 2307 esse
1172 2250 1284 2323 cogites

232 2357 271 2419 et,
294 2347 435 2422 quoniam
456 2346 486 2403 in
509 2356 662 2420 utramque
687 2355 799 2421 partem
823 2344 905 2403 vobis
930 2345 997 2403 licet
1025 2345 1184 2420 disputare,
1207 2344 1283 2402 hanc
1296 2373 1322 2400 ω

232 2444 329 2520 potius
350 2461 447 2501 sumas
468 2459 593 2516 eamque
615 2442 784 2500 facultatem
798 2441 970 2512 disserendi,
985 2459 1074 2515 quam
1089 2441 1141 2499 tibi
1155 2459 1173 2498 a
1186 2441 1283 2499 rheto·
1335 2509 1339 2521 ,

232 2540 299 2599 ricis
323 2538 577 2598 exercitationibus
602 2548 757 2613 acceptam
781 2537 968 2612 amplificavit
992 2537 1161 2609 Academia,
1187 2538 1285 2613 potius

208 2640 216 2685 ?
233 2637 292 2696 huc
306 2635 448 2695 conseras.
490 2636 571 2693 Mala
585 2635 664 2692 enim
679 2643 709 2692 et
723 2634 813 2709 impia
827 2633 1013 2692 consuetudo
1026 2644 1071 2693 est
1089 2644 1192 2693 contra
1212 2634 1270 2693 deo

234 2735 413 2812 disputandi,
428 2734 488 2795 sive
503 2753 540 2794 ex
554 2734 653 2792 animo
667 2732 698 2791 id
712 2733 743 2791 fit
757 2732 817 2791 sive
832 2732 975 2790 simulate.
