2932 4364
462 373 529 424 ua.
545 373 596 423 111.
631 373 693 423 cn.
704 373 776 434 xva
787 373 872 424 xv11.
906 374 937 438 st
948 387 1037 439 39-44
1215 380 1275 446 149

225 524 413 604 lampades
434 525 594 598 suerint’,
615 533 648 583 ut
661 526 701 585 ait
716 527 833 599 Accius,
849 527 902 586 ‘in
922 527 1067 588 domum
1088 539 1275 589 aeternam

226 624 355 701 patris’
371 642 408 681 ex
421 623 470 681 illo
485 622 588 682 ardore
606 623 788 698 pervenerit;
810 642 898 698 quem
912 632 1012 683 tamen
1027 627 1176 684 Homerus
1195 625 1276 702 apud

225 721 333 781 inferos
353 720 502 779 conveniri
523 719 591 779 facit
612 719 650 778 ab
670 719 766 792 Ulixe,
786 720 861 779 sicut
883 730 1005 792 ceteros,
1020 721 1072 797 qui
1092 733 1276 782 excesserant

225 818 292 876 vita.
335 817 531 891 Quamquam,
546 833 635 891 quem
656 816 842 892 potissimum
864 817 1026 876 Herculem
1048 818 1187 891 colamus,
1202 820 1274 878 scire
1287 840 1312 884 rr

193 930 206 970 s
226 931 295 972 sane
309 913 396 971 velim
406 932 423 985 ς7
436 912 525 988 pluris
539 912 618 970 enim
632 912 750 972 tradunt
766 912 850 971 nobis
865 912 894 984 ii,
908 913 959 988 qui
979 913 1129 974 interiores
1145 926 1275 974 scrutan-

226 1020 271 1069 tur
291 1020 321 1069 et
341 1009 508 1068 reconditas
529 1010 646 1081 litteras,
661 1010 892 1084 antiquissimum
915 1010 986 1067 Iove
1008 1020 1118 1081 natum,
1133 1011 1187 1071 sed
1205 1012 1276 1072 item

227 1110 297 1167 Iove
312 1108 531 1184 antiquissim03
553 1126 622 1166 nam
637 1109 722 1166 Ioves
737 1125 856 1183 quoque
870 1107 959 1183 pluris
977 1107 1007 1166 in
1022 1108 1123 1184 priscis
1145 1111 1275 1170 Graeco·

188 1187 193 1195 ’
225 1223 289 1263 rum
303 1205 403 1263 litteris
416 1205 603 1264 invenimus:
623 1205 669 1263 Ex
682 1222 720 1262 eo
734 1203 819 1280 igitur
831 1213 862 1261 et
874 1203 1011 1280 Lysithoe
1026 1214 1070 1263 est
1083 1205 1107 1264 is
1119 1206 1275 1279 Hercules,

159 1353 167 1367 ,
226 1320 314 1376 quem
328 1302 540 1360 concertavisse
555 1320 624 1360 cum
639 1301 773 1377 Apolline
788 1300 826 1359 de
841 1299 956 1376 tripode
974 1302 1153 1377 accepimus.
1195 1303 1277 1362 Alter

189 1417 214 1446 ιο
226 1397 346 1456 traditur
374 1399 443 1457 Nilo
470 1407 554 1456 natus
582 1398 750 1473 Aegyptius,
775 1414 865 1472 quem
893 1397 974 1455 aiunt
1002 1397 1139 1474 Phrygias
1166 1399 1275 1459 litteras

227 1495 442 1570 conscripsisse.
482 1494 597 1552 Tertius
616 1502 661 1551 est
680 1510 717 1551 ex
738 1491 834 1551 Idaeis
857 1493 972 1568 Digitis,
989 1493 1038 1551 cui
1058 1493 1173 1554 inferias
1194 1495 1274 1555 adse·

226 1602 301 1651 mnt.
343 1592 470 1666 Quartus
491 1590 568 1649 Iovis
590 1599 634 1649 est
653 1598 684 1648 et
700 1589 840 1662 Asteriae,
857 1590 987 1649 Latonae
1007 1591 1123 1664 sororis,
1142 1592 1193 1668 qui
1206 1593 1276 1671 Tyri

226 1689 352 1748 maxime
374 1689 486 1761 colitur,
508 1688 590 1746 cuius
612 1687 822 1762 Karthaginem
842 1687 931 1745 filiam
952 1688 1065 1747 serunt
1098 1689 1225 1764 Quintus
1245 1691 1276 1750 in

228 1787 322 1857 India,
338 1804 388 1860 qur
380 1786 488 1843 Belus
503 1783 619 1843 dicitur
660 1785 764 1842 Sextus
782 1783 831 1841 hic
849 1802 887 1841 ex
900 1784 1052 1857 Alcmena,
1067 1803 1156 1861 quem
1175 1787 1275 1863 Iuppi·

189 1907 214 1946 ις
227 1891 270 1940 ter
289 1883 398 1958 genuit,
413 1880 467 1939 sed
488 1881 588 1939 tertius
608 1880 748 1956 Iuppiter,
762 1880 913 1954 quoniam,
928 1889 960 1938 ut
973 1881 1032 1940 iam
1046 1880 1174 1955 docebo,
1189 1883 1277 1987 pluris

227 1980 313 2037 Ioves
334 1978 423 2036 etiam
445 1977 623 2053 accepimus.

267 2074 396 2148 Quando
424 2075 503 2132 enim
527 2092 574 2131 me
600 2074 629 2131 in
653 2073 732 2131 hunc
759 2074 858 2131 locum
883 2071 1006 2132 deduxit
1033 2075 1135 2148 oratio,
1160 2029 1318 2163 docebo¹⁷

227 2170 346 2229 meliora
360 2189 407 2228 me
422 2169 559 2229 didicisse
575 2169 613 2228 de
628 2167 760 2227 colendis
775 2168 820 2228 dis
835 2169 1057 2229 inmortalibus'
1049 2189 1110 2230 rure
1124 2121 1315 2248 pontificio⁴³

227 2277 256 2326 et
276 2286 358 2326 more
381 2268 522 2326 maiorum
544 2265 793 2342 capedunculis'
775 2284 819 2337 us,
833 2285 907 2342 quas
928 2268 1028 2325 Numa
1048 2267 1133 2327 nobis
1154 2269 1277 2344 reliquit,¹

188 2392 214 2422 ω
227 2364 265 2423 de
280 2365 384 2440 quibus
399 2365 428 2423 in
443 2366 491 2423 illa
504 2363 621 2422 aureola
634 2363 815 2421 oratiuncula
831 2363 903 2422 dicit
918 2363 1041 2437 Laelius,
1056 2383 1146 2440 quam
1159 2366 1277 2425 rationi-

226 2463 279 2521 bus
294 2463 465 2521 Stoicomm.
508 2460 537 2520 Si
558 2461 637 2518 enim
650 2478 702 2518 vos
723 2475 837 2534 sequar,
852 2459 910 2531 dic,
926 2459 999 2536 quid
1020 2461 1048 2520 ei
1067 2462 1275 2538 respondeam,

225 2560 276 2634 qui
297 2578 344 2617 me
364 2560 406 2617 sic
420 2567 521 2633 roget:
544 2556 618 2616 Sidi
640 2566 716 2627 sunt,
731 2567 837 2615 suntne
859 2556 947 2615 etiam
962 2557 1119 2634 Nymphae
1137 2558 1234 2618 deae?
1253 2559 1277 2618 si

227 2655 391 2730 Nymphae,
414 2654 528 2712 Panisci
549 2653 637 2711 etiam
656 2662 685 2711 et
706 2653 819 2728 Satyri?
859 2653 903 2711 Hi
922 2662 1021 2712 autem
1042 2673 1103 2713 non
1124 2665 1190 2714 sunt
1200 2674 1275 2729 ;·ne

227 2751 382 2826 Nymphae
401 2747 508 2826 [deae]
525 2747 646 2824 quidem
661 2748 766 2824 igitur?
806 2751 844 2807 At
862 2766 962 2806 earum
983 2750 1094 2826 templa
1113 2760 1181 2809 sunt
1202 2751 1275 2827 pub-

187 2860 212 2909 as
225 2848 280 2904 lice
294 2856 362 2904 vota
375 2855 405 2903 et
416 2843 565 2920 dedicata.
607 2844 654 2902 Ne
669 2845 761 2902 ceteri·
775 2844 897 2919 quidem
911 2862 981 2920 ergo
1001 2845 1042 2918 di,
1056 2864 1181 2922 quorum
1201 2856 1275 2905 tem·

224 2944 275 3019 pla
302 2950 368 3000 sunt
396 2940 554 2999 dedicata?
587 2942 656 3016 ‘Age
684 2959 781 3016 pono,
808 2943 911 3000 Iovem
935 2950 966 2999 et
990 2943 1160 3018 Neptunum
1185 2942 1275 3002 deum

224 3057 378 3112 numeras;
394 3057 463 3114 ergo
477 3038 565 3097 etiam
581 3038 685 3110 Orcus,
699 3039 786 3096 frater
797 3056 908 3110 eorum,
923 3037 1007 3110 deus,
1019 3048 1048 3097 et
1063 3039 1110 3112 illi,
1122 3039 1173 3116 qui
1186 3036 1275 3099 fluere

225 3134 305 3212 apud
325 3137 433 3195 inferos
454 3135 598 3208 dicuntur,
614 3135 760 3207 Acheron,
782 3135 921 3211 Cocytus,
942 3135 1198 3212 Pyriphlegethon,
1212 3146 1276 3197 tum

225 3232 353 3305 Charon,
369 3242 431 3291 tum
445 3233 589 3293 Cerbems
603 3231 634 3291 di
648 3231 781 3308 putandi.
817 3234 856 3290 At
870 3230 901 3290 id
914 3232 1036 3308 quidem
1050 3217 1327 3314 repudiandum&

187 3354 213 3393 ao
226 3331 272 3389 Ne
288 3330 383 3390 Orcus
397 3329 518 3405 quidem
533 3330 625 3405 igitur.
658 3327 739 3403 Quid
752 3328 849 3388 dicitis
864 3347 933 3405 ergo
947 3317 988 3389 de
1001 3330 1155 3389 fratribus?
1189 3333 1276 3390 Haec

224 3426 393 3486 Carneades
410 3426 516 3496 aiebat,
531 3444 592 3483 non
612 3434 644 3483 ut
665 3424 737 3483 deos
758 3425 871 3482 tolleret
890 3425 977 3500 (quid
998 3427 1077 3485 enim
1099 3426 1276 3503 philosopho

225 3523 319 3579 minus
334 3520 563 3595 conveniensi),
578 3520 631 3578 sed
645 3530 677 3578 ut
691 3520 805 3579 Stoicos
818 3519 890 3578 nihil
911 3520 949 3578 de
971 3522 1015 3579 dis
1037 3522 1182 3597 explicare
1204 3541 1274 3581 con-

224 3618 354 3674 vinceret
365 3637 373 3688 ;
401 3617 499 3691 itaque
521 3616 735 3690 insequebatur.
778 3614 859 3689 Quid
880 3615 982 3674 enim?
1004 3617 1109 3690 aiebat,
1124 3618 1148 3676 si
1169 3617 1200 3675 hi
1220 3620 1274 3676 sra-

224 3721 282 3770 tres
306 3721 374 3770 sunt
399 3712 428 3770 in
452 3728 576 3769 numem
601 3710 733 3781 deorum,
758 3729 832 3768 num
856 3708 895 3768 de
920 3720 1001 3786 patre
1025 3729 1126 3770 eorum
1151 3715 1275 3774 Saturno

188 3831 212 3871 as
225 3808 324 3884 negari
337 3815 444 3884 potest,
459 3825 550 3882 quem
562 3807 649 3883 volgo
663 3805 789 3865 maxime
805 3805 906 3866 colunt
919 3806 959 3866 ad
972 3807 1181 3868 occidentem?
1215 3809 1274 3884 Qui
