2932 4364
159 366 204 433 90
489 365 538 415 ou
559 365 705 416 urruns
728 366 887 419 ouonuu.

160 521 323 581 animantes
347 529 445 580 autern
470 519 634 594 hominnm,
654 530 687 579 ut
710 539 820 597 equum
843 521 970 582 vehendi
994 541 1092 597 causa,
1113 523 1215 584 arandi

118 620 278 704 Qvem,
292 618 420 677 venandi
434 627 464 676 et
477 617 664 677 custodiendi
678 637 791 678 canem.
834 621 903 695 Ipse
917 631 1015 679 autem
1030 621 1123 681 homo
1136 635 1216 683 ortus

162 726 206 775 est
229 715 268 774 ad
296 715 440 774 mundum
468 714 729 791 contemplandum
757 726 786 774 et
813 717 995 790 imitandum,
1017 720 1096 779 nullo
1123 723 1215 781 modo

123 814 318 890 inperfectus
343 811 396 871 sed
424 820 468 870 est
491 811 638 887 quaedam
662 814 804 888 particula
830 815 961 889 perfecti,
1003 816 1061 875 Sed
1088 819 1216 877 mundus

162 909 302 984 quoniam
326 908 426 966 omnia
444 909 604 984 conplexus
625 918 669 966 est
691 926 788 984 neque
811 919 855 967 est
869 911 1037 989 quicquam,
1052 916 1134 990 quod
1155 934 1248 976 nour

162 1006 230 1064 insit
244 1006 274 1064 in
288 1023 334 1077 eo,
348 1005 494 1080 perlectus
515 1004 645 1079 undique
667 1015 721 1063 est.
764 1006 823 1079 Qui
845 1006 930 1082 igitur
952 1020 1049 1084 potest
1071 1012 1098 1069 ei
1113 1011 1216 1070 deesse

162 1101 203 1175 id,
214 1101 296 1177 quod
310 1111 354 1159 est
368 1101 533 1177 optimum?
553 1100 623 1159 nihil
638 1110 736 1160 autem
751 1112 795 1160 est
810 1114 910 1163 mente
926 1116 955 1165 et
968 1108 1079 1166 ratione
1094 1110 1197 1166 melius
1209 1129 1217 1181 ;

163 1217 233 1274 ergo
248 1198 321 1256 baec
335 1197 447 1256 mundo
462 1195 565 1255 deesse
580 1215 641 1255 non
656 1207 788 1274 possunt.
832 1202 912 1261 Bene
927 1204 1012 1279 igitur
1032 1203 1111 1263 idem
1126 1205 1217 1281 Chry·

117 1295 133 1339 'l
163 1297 272 1372 sippus,
294 1295 346 1370 qui
366 1293 568 1353 similitudines
589 1293 751 1371 adiungens
775 1300 875 1357 omnia
895 1301 926 1358 in
947 1301 1083 1376 perlectis
1105 1310 1135 1359 et
1157 1320 1217 1359 ma-

163 1394 233 1451 turis
254 1391 343 1449 docet
363 1408 428 1448 esse
450 1390 626 1461 meliorant
646 1392 676 1449 in
699 1410 778 1468 equo
798 1414 888 1471 quam
911 1397 941 1455 in
963 1399 1076 1468 eculeo,
1091 1399 1121 1455 in
1143 1417 1217 1456 cane
1232 1423 1255 1451 ιο

163 1508 252 1564 quam
275 1489 305 1546 in
327 1487 433 1558 catulo,
455 1486 485 1544 in
509 1487 570 1544 viro
595 1505 683 1562 quarn
710 1490 740 1548 in
764 1509 866 1568 puero,
881 1493 960 1564 item,
976 1494 1057 1568 quod
1082 1495 1112 1552 in
1137 1496 1219 1553 omni

163 1585 277 1645 mundo
290 1586 435 1661 optimum
449 1584 494 1654 sit,
510 1583 540 1642 id
562 1583 592 1641 in
613 1586 746 1662 perlecto
766 1590 864 1665 aliquo
886 1600 974 1664 atque
996 1591 1131 1650 absoluto
1153 1609 1217 1650 esse

125 1692 152 1735 sn
164 1684 292 1754 debere;
313 1691 358 1740 est
372 1691 470 1739 autem
492 1681 562 1739 nibil
585 1684 698 1742 mundo
712 1688 878 1761 perfectius,
892 1687 963 1744 nibil
976 1687 1080 1746 virtute
1094 1690 1217 1761 melius3

164 1782 249 1856 igitur
263 1780 364 1840 mundi
380 1791 423 1839 est
444 1781 561 1857 propria
574 1781 672 1841 virtus.
715 1783 781 1841 Nec
794 1801 863 1842 vero
884 1782 1010 1842 hominis
1031 1794 1133 1843 natura
1153 1803 1217 1861 per·

164 1879 242 1938 lecta
254 1889 307 1951 est,
322 1889 351 1937 et
370 1877 494 1937 efficitur
514 1888 614 1937 tamen
635 1879 665 1938 in
686 1878 805 1938 homine
819 1881 907 1939 virtus
918 1901 926 1953 ;
948 1890 1059 1956 quanto
1081 1882 1167 1957 igitur
1188 1883 1217 1940 in
1232 1904 1256 1943 ιε

165 1977 277 2037 mundo
301 1977 432 2037 facilius!
457 1985 502 2036 est
526 1994 596 2053 ergo
619 1976 649 2035 in
673 1995 710 2036 eo
734 1977 822 2036 virtus
833 1998 842 2051 ;
870 1979 987 2054 sapiens
1011 1988 1056 2039 est
1079 1979 1165 2056 igitur
1188 1991 1218 2039 et

164 2087 320 2153 propterea
339 2075 422 2135 deus.

122 2178 159 2235 rt
205 2177 302 2250 Atque
317 2175 373 2232 bac
388 2173 491 2233 mundi
505 2173 655 2231 divinitate
669 2184 824 2247 perspecta
837 2173 992 2232 tribuenda
1011 2184 1056 2233 est
1076 2173 1218 2233 sideribus

165 2270 273 2330 eadem
300 2271 444 2341 divinitas,
469 2286 545 2345 quae
574 2287 611 2328 ex
639 2269 828 2326 mobilissima
856 2270 1067 2344 purissimaque
1094 2270 1218 2328 aetheris

165 2377 248 2442 parte
275 2369 439 2444 gignuntur,
468 2384 565 2442 neque
594 2366 652 2424 ulla
678 2375 828 2441 praeterea
854 2376 921 2423 sunt
954 2365 1084 2424 admixta
1116 2376 1257 2424 natura„

165 2476 286 2540 totaque
300 2475 367 2524 sunt
381 2463 477 2523 calida
491 2474 578 2539 atque
593 2461 753 2538 perlucida,
767 2471 800 2520 ut
820 2480 856 2519 ea
869 2479 987 2537 quoque
1008 2463 1168 2520 rectissime
1190 2473 1218 2521 et

127 2563 326 2624 inanimantia
339 2580 403 2620 esse
417 2573 447 2621 et
462 2563 567 2621 sentire
591 2571 679 2635 atque
701 2559 866 2634 intellegere
881 2559 1023 2618 dicantur.
1065 2561 1162 2634 Atque
1183 2578 1219 2618 ea

166 2661 285 2737 quidem
300 2670 362 2719 tota
375 2678 439 2719 esse
459 2661 544 2736 ignea
558 2659 683 2718 duorum
704 2675 843 2716 sensuum
865 2657 1032 2715 testimonio
1056 2658 1220 2716 continuari

166 2760 323 2820 Cleanthes
337 2769 429 2834 putat,
444 2769 538 2818 tactus
553 2769 583 2817 et
601 2758 762 2816 oculorum.
805 2757 883 2815 Nam
905 2756 973 2814 solis
994 2766 1023 2814 et
1044 2754 1156 2814 candor
1176 2756 1218 2814 in-

166 2857 279 2915 lustrior
302 2865 346 2914 est
366 2874 454 2930 quam
479 2856 561 2914 ullius
584 2856 666 2931 ignis,
689 2855 799 2929 quippe
820 2853 870 2928 qui
891 2854 923 2912 iu
948 2854 1082 2911 inmenso
1106 2853 1220 2910 mundo
1233 2879 1257 2916 ις

165 2963 226 3011 tam
239 2953 326 3026 longe
341 2953 456 3027 lateque
471 2953 634 3022 conlucent,
650 2961 679 3009 et
695 2951 718 3008 is
738 2950 800 3007 eius
822 2958 915 3007 tactus
937 2958 990 3019 est,
1004 2967 1065 3007 non
1086 2958 1118 3006 ut
1138 2959 1219 3023 tape-

166 3049 252 3106 laciat
266 3049 369 3119 solum,
384 3047 438 3107 sed
458 3050 545 3106 etiam
560 3065 648 3123 saepe
664 3047 826 3118 comburat,
841 3063 965 3121 quorum
987 3055 1121 3102 neutrum
1142 3045 1219 3102 sace-

166 3155 218 3216 ret‚
233 3145 288 3203 nisi
302 3153 379 3202 esset
393 3144 504 3220 igneus.
546 3146 644 3219 ‘Ergo
654 3146 671 3216 ’,
684 3144 787 3218 inquit,
804 3147 890 3201 ‘cum
905 3142 949 3200 sol
963 3142 1064 3215 igneus
1078 3141 1115 3199 sit
1125 3141 1219 3200 Ocea-

166 3243 256 3318 nique
271 3241 361 3299 alatur
375 3241 532 3314 umoribus,
547 3240 723 3316 quianullus
745 3240 818 3315 ignis
833 3239 896 3298 sine
911 3248 995 3315 pastu
1009 3238 1107 3313 aliquo
1122 3248 1221 3312 posset

166 3356 347 3415 permanere,
361 3355 482 3396 necesse
497 3348 541 3397 est
555 3348 605 3397 aut
625 3339 652 3397 ei
673 3338 772 3396 similis
794 3337 831 3397 sit
853 3338 921 3414 igni,
936 3354 1025 3412 quem
1048 3334 1221 3394 adhibemus
1235 3360 1259 3398 30

166 3435 204 3494 ad
221 3454 304 3493 usum
325 3445 413 3510 atque
427 3436 545 3506 victum,
559 3444 610 3494 aut
624 3435 660 3507 ei,
675 3435 726 3510 qui
746 3434 917 3510 corporibus
938 3433 1129 3493 animantium
1150 3451 1220 3491 con·

128 3548 153 3589 u
167 3533 282 3590 tinetur.
323 3532 412 3605 Atqui
433 3531 481 3589 hic
502 3541 600 3589 noster
620 3531 703 3607 ignis,
718 3549 807 3606 quem
829 3549 897 3588 usus
912 3531 986 3588 vitae
1008 3530 1136 3604 requirit,
1151 3547 1220 3587 con·

167 3630 260 3686 lector
273 3636 317 3685 est
331 3637 360 3685 et
374 3638 565 3702 consumptor
577 3628 719 3698 omnium,
734 3626 882 3700 idemque,
897 3644 1087 3701 quocumque
1111 3627 1223 3696 invasit,

167 3732 275 3781 cuncta
298 3722 440 3781 disturbat
464 3741 499 3779 ac
523 3722 662 3797 dissipat3
691 3733 793 3779 contra
814 3722 860 3779 ille
889 3739 1047 3796 corporeus
1074 3723 1167 3780 vitalis
1194 3733 1223 3778 et

167 3818 296 3877 salutaris
317 3818 418 3876 omnia
438 3826 600 3888 conservat,
615 3818 673 3888 alit,
687 3825 783 3892 auget,
797 3817 918 3874 sustinet
940 3834 1086 3890 sensuque
1103 3816 1222 3875 adficit!
1236 3843 1260 3881 35
