<?xml version="1.0" encoding="UTF-8"?>
<!DOCTYPE html PUBLIC "-//W3C//DTD XHTML 1.0 Transitional//EN"
    "http://www.w3.org/TR/xhtml1/DTD/xhtml1-transitional.dtd">
<html xmlns="http://www.w3.org/1999/xhtml" xml:lang="en" lang="en">
 <head>
  <title>
</title>
<meta http-equiv="Content-Type" content="text/html;charset=utf-8" />
  <meta name='ocr-system' content='tesseract 3.04.00' />
  <meta name='ocr-capabilities' content='ocr_page ocr_carea ocr_par ocr_line ocrx_word'/>
</head>
<body>
  <div class='ocr_page' id='page_1' title='image "./mtulliiciceroni02schgoog/mtulliiciceroni02schgoog_0071.png"; bbox 0 0 2932 4364; ppageno 0'>
   <div class='ocr_carea' id='block_1_1' title="bbox 140 365 868 440">
    <p class='ocr_par' dir='ltr' id='par_1_1' title="bbox 140 365 868 440">
     <span class='ocr_line' id='line_1_1' title="bbox 140 365 868 440; baseline 0.005 -17"><span class='ocrx_word' id='word_1_1' title='bbox 140 365 180 440; x_wconf 85' lang='grc'>58</span> <span class='ocrx_word' id='word_1_2' title='bbox 469 377 518 427; x_wconf 87' lang='lat' dir='ltr'>DE</span> <span class='ocrx_word' id='word_1_3' title='bbox 539 378 686 429; x_wconf 77' lang='lat' dir='ltr'>NA‘ruRA</span> <span class='ocrx_word' id='word_1_4' title='bbox 708 377 868 428; x_wconf 86' lang='lat' dir='ltr'><strong>DEORUM.</strong></span> 
     </span>
    </p>
   </div>
   <div class='ocr_carea' id='block_1_2' title="bbox 98 527 1320 3880">
    <p class='ocr_par' dir='ltr' id='par_1_2' title="bbox 98 527 1320 3880">
     <span class='ocr_line' id='line_1_2' title="bbox 139 527 1191 607; baseline 0 -19"><span class='ocrx_word' id='word_1_5' title='bbox 139 539 198 605; x_wconf 69' lang='lat' dir='ltr'>aut3</span> <span class='ocrx_word' id='word_1_6' title='bbox 215 530 359 600; x_wconf 88' lang='lat' dir='ltr'>mundum</span> <span class='ocrx_word' id='word_1_7' title='bbox 387 539 437 590; x_wconf 92' lang='lat' dir='ltr'>aut</span> <span class='ocrx_word' id='word_1_8' title='bbox 464 539 602 597; x_wconf 89' lang='lat' dir='ltr'>mentem</span> <span class='ocrx_word' id='word_1_9' title='bbox 623 532 750 607; x_wconf 84' lang='lat' dir='ltr'>aliquam</span> <span class='ocrx_word' id='word_1_10' title='bbox 777 530 986 607; x_wconf 89' lang='lat' dir='ltr'>sempiternam</span> <span class='ocrx_word' id='word_1_11' title='bbox 1013 529 1044 590; x_wconf 93' lang='lat' dir='ltr'>in</span> <span class='ocrx_word' id='word_1_12' title='bbox 1068 527 1191 589; x_wconf 88' lang='lat' dir='ltr'>deorum</span> 
     </span>
     <span class='ocr_line' id='line_1_3' title="bbox 139 627 1192 705; baseline -0.004 -15"><span class='ocrx_word' id='word_1_13' title='bbox 139 644 263 690; x_wconf 84' lang='lat' dir='ltr'>numero</span> <span class='ocrx_word' id='word_1_14' title='bbox 290 630 422 705; x_wconf 91' lang='lat' dir='ltr'>ponere?</span> <span class='ocrx_word' id='word_1_15' title='bbox 464 629 650 704; x_wconf 85' lang='lat' dir='ltr'>‘Numquam</span> <span class='ocrx_word' id='word_1_16' title='bbox 670 627 730 687; x_wconf 92' lang='lat' dir='ltr'>vidi</span> <span class='ocrx_word' id='word_1_17' title='bbox 738 630 754 701; x_wconf 86' lang='grc'>,’,</span> <span class='ocrx_word' id='word_1_18' title='bbox 777 628 879 704; x_wconf 88' lang='lat' dir='ltr'>inquit,</span> <span class='ocrx_word' id='word_1_19' title='bbox 904 629 1046 687; x_wconf 89' lang='lat' dir='ltr'>‘animam</span> <span class='ocrx_word' id='word_1_20' title='bbox 1074 627 1192 686; x_wconf 89' lang='lat' dir='ltr'>rationis</span> 
     </span>
     <span class='ocr_line' id='line_1_4' title="bbox 141 723 1193 803; baseline -0.001 -20"><span class='ocrx_word' id='word_1_21' title='bbox 141 725 311 800; x_wconf 87' lang='lat' dir='ltr'>consiliique</span> <span class='ocrx_word' id='word_1_22' title='bbox 332 726 507 803; x_wconf 88' lang='lat' dir='ltr'>participem</span> <span class='ocrx_word' id='word_1_23' title='bbox 524 725 554 784; x_wconf 94' lang='lat' dir='ltr'>in</span> <span class='ocrx_word' id='word_1_24' title='bbox 570 727 629 789; x_wconf 86' lang='lat' dir='ltr'>ulla</span> <span class='ocrx_word' id='word_1_25' title='bbox 642 725 697 783; x_wconf 90' lang='lat' dir='ltr'>alia</span> <span class='ocrx_word' id='word_1_26' title='bbox 713 724 768 783; x_wconf 92' lang='lat' dir='ltr'>nisi</span> <span class='ocrx_word' id='word_1_27' title='bbox 787 725 915 786; x_wconf 89' lang='lat' dir='ltr'>humana</span> <span class='ocrx_word' id='word_1_28' title='bbox 935 725 1049 801; x_wconf 85' lang='lat' dir='ltr'>ligura&#39;.</span> <span class='ocrx_word' id='word_1_29' title='bbox 1092 723 1193 798; x_wconf 86' lang='lat' dir='ltr'>Quid?</span> 
     </span>
     <span class='ocr_line' id='line_1_5' title="bbox 136 819 1191 898; baseline -0.003 -17"><span class='ocrx_word' id='word_1_30' title='bbox 136 822 209 895; x_wconf 87' lang='lat' dir='ltr'>solis</span> <span class='ocrx_word' id='word_1_31' title='bbox 243 822 461 898; x_wconf 87' lang='lat' dir='ltr'>numquidnam·</span> <span class='ocrx_word' id='word_1_32' title='bbox 487 831 537 880; x_wconf 88' lang='lat' dir='ltr'>aut</span> <span class='ocrx_word' id='word_1_33' title='bbox 564 822 650 880; x_wconf 91' lang='lat' dir='ltr'>lunae</span> <span class='ocrx_word' id='word_1_34' title='bbox 681 830 731 880; x_wconf 94' lang='lat' dir='ltr'>aut</span> <span class='ocrx_word' id='word_1_35' title='bbox 764 822 893 897; x_wconf 87' lang='lat' dir='ltr'>quinque</span> <span class='ocrx_word' id='word_1_36' title='bbox 927 821 1083 880; x_wconf 85' lang='lat' dir='ltr'>errantium</span> <span class='ocrx_word' id='word_1_37' title='bbox 1116 819 1191 879; x_wconf 90' lang='lat' dir='ltr'>side·</span> 
     </span>
     <span class='ocr_line' id='line_1_6' title="bbox 139 905 1293 991; baseline -0.002 -15"><span class='ocrx_word' id='word_1_38' title='bbox 139 937 204 978; x_wconf 93' lang='lat' dir='ltr'>rum</span> <span class='ocrx_word' id='word_1_39' title='bbox 221 918 330 990; x_wconf 86' lang='lat' dir='ltr'>¹simile</span> <span class='ocrx_word' id='word_1_40' title='bbox 363 917 482 978; x_wconf 87' lang='lat' dir='ltr'>vidisti?</span> <span class='ocrx_word' id='word_1_41' title='bbox 517 918 582 977; x_wconf 67' lang='lat' dir='ltr'>⁴Sol</span> <span class='ocrx_word' id='word_1_42' title='bbox 616 917 730 976; x_wconf 90' lang='lat' dir='ltr'>duabus</span> <span class='ocrx_word' id='word_1_43' title='bbox 764 918 850 975; x_wconf 90' lang='lat' dir='ltr'>unius</span> <span class='ocrx_word' id='word_1_44' title='bbox 882 917 958 976; x_wconf 89' lang='lat' dir='ltr'>orbis</span> <span class='ocrx_word' id='word_1_45' title='bbox 989 917 1096 976; x_wconf 90' lang='lat' dir='ltr'>ultimis</span> <span class='ocrx_word' id='word_1_46' title='bbox 1127 925 1223 991; x_wconf 81' lang='lat' dir='ltr'>par-s</span> <span class='ocrx_word' id='word_1_47' title='bbox 1290 905 1293 912; x_wconf 44' lang='lat'><strong>¹</strong></span> 
     </span>
     <span class='ocr_line' id='line_1_7' title="bbox 140 1011 1192 1097; baseline -0.003 -25"><span class='ocrx_word' id='word_1_48' title='bbox 140 1015 216 1074; x_wconf 90' lang='lat' dir='ltr'>tibus</span> <span class='ocrx_word' id='word_1_49' title='bbox 244 1014 388 1074; x_wconf 86' lang='lat' dir='ltr'>deliniens</span> <span class='ocrx_word' id='word_1_50' title='bbox 416 1025 531 1097; x_wconf 88' lang='lat' dir='ltr'>motum</span> <span class='ocrx_word' id='word_1_51' title='bbox 561 1032 661 1073; x_wconf 92' lang='lat' dir='ltr'>cursus</span> <span class='ocrx_word' id='word_1_52' title='bbox 689 1031 803 1092; x_wconf 88' lang='lat' dir='ltr'>annuos</span> <span class='ocrx_word' id='word_1_53' title='bbox 834 1013 973 1087; x_wconf 83' lang='lat' dir='ltr'>conficit3</span> <span class='ocrx_word' id='word_1_54' title='bbox 1004 1012 1088 1072; x_wconf 87' lang='lat' dir='ltr'>huius</span> <span class='ocrx_word' id='word_1_55' title='bbox 1116 1011 1192 1071; x_wconf 86' lang='lat' dir='ltr'>hanc</span> 
     </span>
     <span class='ocr_line' id='line_1_8' title="bbox 140 1108 1193 1186; baseline -0.004 -16"><span class='ocrx_word' id='word_1_56' title='bbox 140 1112 341 1171; x_wconf 85' lang='lat' dir='ltr'>lustrationem</span> <span class='ocrx_word' id='word_1_57' title='bbox 375 1111 509 1171; x_wconf 91' lang='lat' dir='ltr'>eiusdem</span> <span class='ocrx_word' id='word_1_58' title='bbox 539 1110 660 1169; x_wconf 89' lang='lat' dir='ltr'>incensa</span> <span class='ocrx_word' id='word_1_59' title='bbox 691 1109 778 1169; x_wconf 89' lang='lat' dir='ltr'>radiis</span> <span class='ocrx_word' id='word_1_60' title='bbox 801 1119 963 1169; x_wconf 73' lang='lat' dir='ltr'>&#39;menstruo</span> <span class='ocrx_word' id='word_1_61' title='bbox 978 1141 980 1144; x_wconf 42' lang='lat'><em>⁴</em></span> <span class='ocrx_word' id='word_1_62' title='bbox 997 1109 1091 1186; x_wconf 83' lang='lat' dir='ltr'>spatio</span> <span class='ocrx_word' id='word_1_63' title='bbox 1124 1108 1193 1167; x_wconf 88' lang='lat' dir='ltr'>luna</span> 
     </span>
     <span class='ocr_line' id='line_1_9' title="bbox 141 1196 1191 1284; baseline -0.004 -17"><span class='ocrx_word' id='word_1_64' title='bbox 141 1208 272 1284; x_wconf 83' lang='lat' dir='ltr'>complet</span> <span class='ocrx_word' id='word_1_65' title='bbox 281 1229 291 1283; x_wconf 76' lang='lat'>5</span> <span class='ocrx_word' id='word_1_66' title='bbox 313 1209 443 1284; x_wconf 90' lang='lat' dir='ltr'>quinque</span> <span class='ocrx_word' id='word_1_67' title='bbox 460 1218 560 1268; x_wconf 88' lang='lat' dir='ltr'>autern</span> <span class='ocrx_word' id='word_1_68' title='bbox 578 1208 676 1266; x_wconf 87' lang='lat' dir='ltr'>stellae</span> <span class='ocrx_word' id='word_1_69' title='bbox 695 1206 827 1267; x_wconf 90' lang='lat' dir='ltr'>eundern</span> <span class='ocrx_word' id='word_1_70' title='bbox 843 1207 945 1266; x_wconf 87' lang='lat' dir='ltr'>orbem</span> <span class='ocrx_word' id='word_1_71' title='bbox 962 1215 1105 1277; x_wconf 87' lang='lat' dir='ltr'>tenentes,</span> <span class='ocrx_word' id='word_1_72' title='bbox 1119 1196 1191 1263; x_wconf 75' lang='lat' dir='ltr'>aliae</span> 
     </span>
     <span class='ocr_line' id='line_1_10' title="bbox 141 1301 1192 1383; baseline -0.003 -20"><span class='ocrx_word' id='word_1_73' title='bbox 141 1306 265 1383; x_wconf 91' lang='lat' dir='ltr'>propius</span> <span class='ocrx_word' id='word_1_74' title='bbox 289 1325 308 1365; x_wconf 85' lang='lat' dir='ltr'>a</span> <span class='ocrx_word' id='word_1_75' title='bbox 341 1307 431 1379; x_wconf 88' lang='lat' dir='ltr'>terris,</span> <span class='ocrx_word' id='word_1_76' title='bbox 454 1305 540 1364; x_wconf 50' lang='lat' dir='ltr'>aliae*</span> <span class='ocrx_word' id='word_1_77' title='bbox 554 1305 702 1378; x_wconf 76' lang='lat' dir='ltr'>remotiuS,</span> <span class='ocrx_word' id='word_1_78' title='bbox 731 1305 769 1365; x_wconf 92' lang='lat' dir='ltr'>ab</span> <span class='ocrx_word' id='word_1_79' title='bbox 797 1303 892 1363; x_wconf 89' lang='lat' dir='ltr'>isdem</span> <span class='ocrx_word' id='word_1_80' title='bbox 918 1302 1067 1380; x_wconf 90' lang='lat' dir='ltr'>principiis</span> <span class='ocrx_word' id='word_1_81' title='bbox 1095 1301 1192 1378; x_wconf 86' lang='lat' dir='ltr'>dispa-</span> 
     </span>
     <span class='ocr_line' id='line_1_11' title="bbox 103 1397 1231 1479; baseline -0.004 -19"><span class='ocrx_word' id='word_1_82' title='bbox 103 1403 219 1461; x_wconf 86' lang='lat' dir='ltr'>ssribus</span> <span class='ocrx_word' id='word_1_83' title='bbox 246 1403 426 1479; x_wconf 88' lang='lat' dir='ltr'>temporibus</span> <span class='ocrx_word' id='word_1_84' title='bbox 453 1401 560 1461; x_wconf 87' lang='lat' dir='ltr'>eadem</span> <span class='ocrx_word' id='word_1_85' title='bbox 587 1402 681 1477; x_wconf 91' lang='lat' dir='ltr'>spatia</span> <span class='ocrx_word' id='word_1_86' title='bbox 707 1402 876 1460; x_wconf 85' lang='lat' dir='ltr'>conficiunt.</span> <span class='ocrx_word' id='word_1_87' title='bbox 927 1401 1009 1459; x_wconf 91' lang='lat' dir='ltr'>Num</span> <span class='ocrx_word' id='word_1_88' title='bbox 1030 1397 1103 1475; x_wconf 90' lang='lat' dir='ltr'>quid</span> <span class='ocrx_word' id='word_1_89' title='bbox 1125 1401 1190 1470; x_wconf 91' lang='lat' dir='ltr'>tale,</span> <span class='ocrx_word' id='word_1_90' title='bbox 1205 1423 1231 1451; x_wconf 80' lang='grc' dir='ltr'>ιο</span> 
     </span>
     <span class='ocr_line' id='line_1_12' title="bbox 142 1495 1191 1574; baseline -0.004 -17"><span class='ocrx_word' id='word_1_91' title='bbox 142 1499 288 1574; x_wconf 67' lang='lat' dir='ltr'>Epicure„</span> <span class='ocrx_word' id='word_1_92' title='bbox 302 1498 419 1558; x_wconf 91' lang='lat' dir='ltr'>vidisti?</span> <span class='ocrx_word' id='word_1_93' title='bbox 461 1499 509 1557; x_wconf 94' lang='lat' dir='ltr'>Ne</span> <span class='ocrx_word' id='word_1_94' title='bbox 533 1498 570 1556; x_wconf 90' lang='lat' dir='ltr'>sit</span> <span class='ocrx_word' id='word_1_95' title='bbox 590 1498 676 1573; x_wconf 84' lang='lat' dir='ltr'>igitur</span> <span class='ocrx_word' id='word_1_96' title='bbox 694 1497 748 1571; x_wconf 88' lang='lat' dir='ltr'>sol,</span> <span class='ocrx_word' id='word_1_97' title='bbox 767 1515 806 1556; x_wconf 93' lang='lat' dir='ltr'>ne</span> <span class='ocrx_word' id='word_1_98' title='bbox 825 1497 904 1570; x_wconf 89' lang='lat' dir='ltr'>luna,</span> <span class='ocrx_word' id='word_1_99' title='bbox 925 1515 964 1555; x_wconf 93' lang='lat' dir='ltr'>ne</span> <span class='ocrx_word' id='word_1_100' title='bbox 986 1495 1094 1568; x_wconf 90' lang='lat' dir='ltr'>stellae,</span> <span class='ocrx_word' id='word_1_101' title='bbox 1119 1513 1191 1570; x_wconf 91' lang='lat' dir='ltr'>quo·</span> 
     </span>
     <span class='ocr_line' id='line_1_13' title="bbox 140 1591 1194 1670; baseline -0.004 -17"><span class='ocrx_word' id='word_1_102' title='bbox 140 1595 220 1654; x_wconf 89' lang='lat' dir='ltr'>niam</span> <span class='ocrx_word' id='word_1_103' title='bbox 233 1595 305 1653; x_wconf 92' lang='lat' dir='ltr'>nihil</span> <span class='ocrx_word' id='word_1_104' title='bbox 317 1611 381 1653; x_wconf 89' lang='lat' dir='ltr'>esse</span> <span class='ocrx_word' id='word_1_105' title='bbox 395 1604 502 1670; x_wconf 90' lang='lat' dir='ltr'>potest,</span> <span class='ocrx_word' id='word_1_106' title='bbox 519 1594 574 1653; x_wconf 88' lang='lat' dir='ltr'>nisi</span> <span class='ocrx_word' id='word_1_107' title='bbox 594 1591 677 1669; x_wconf 92' lang='lat' dir='ltr'>quod</span> <span class='ocrx_word' id='word_1_108' title='bbox 697 1594 844 1668; x_wconf 88' lang='lat' dir='ltr'>attigimus</span> <span class='ocrx_word' id='word_1_109' title='bbox 864 1602 915 1651; x_wconf 89' lang='lat' dir='ltr'>aut</span> <span class='ocrx_word' id='word_1_110' title='bbox 934 1591 1079 1664; x_wconf 82' lang='lat' dir='ltr'>vidimus3</span> <span class='ocrx_word' id='word_1_111' title='bbox 1100 1591 1194 1666; x_wconf 92' lang='lat' dir='ltr'>quid?</span> 
     </span>
     <span class='ocr_line' id='line_1_14' title="bbox 141 1687 1194 1765; baseline -0.004 -17"><span class='ocrx_word' id='word_1_112' title='bbox 141 1690 232 1749; x_wconf 92' lang='lat' dir='ltr'>deum</span> <span class='ocrx_word' id='word_1_113' title='bbox 250 1690 347 1765; x_wconf 87' lang='lat' dir='ltr'>ipsum</span> <span class='ocrx_word' id='word_1_114' title='bbox 366 1707 477 1753; x_wconf 82' lang='lat' dir='ltr'>numne</span> <span class='ocrx_word' id='word_1_115' title='bbox 497 1690 614 1749; x_wconf 90' lang='lat' dir='ltr'>vidisti?</span> <span class='ocrx_word' id='word_1_116' title='bbox 655 1689 716 1748; x_wconf 88' lang='lat' dir='ltr'>Cur</span> <span class='ocrx_word' id='word_1_117' title='bbox 735 1689 821 1764; x_wconf 90' lang='lat' dir='ltr'>igitur</span> <span class='ocrx_word' id='word_1_118' title='bbox 841 1688 936 1748; x_wconf 90' lang='lat' dir='ltr'>credis</span> <span class='ocrx_word' id='word_1_119' title='bbox 958 1689 1044 1746; x_wconf 87' lang='lat' dir='ltr'>esse?</span> <span class='ocrx_word' id='word_1_120' title='bbox 1085 1687 1194 1746; x_wconf 89' lang='lat' dir='ltr'>Omnia</span> 
     </span>
     <span class='ocr_line' id='line_1_15' title="bbox 142 1781 1192 1863; baseline -0.001 -20"><span class='ocrx_word' id='word_1_121' title='bbox 142 1785 274 1856; x_wconf 84' lang='lat' dir='ltr'>tollamus</span> <span class='ocrx_word' id='word_1_122' title='bbox 292 1802 377 1860; x_wconf 87' lang='lat' dir='ltr'>ergo,</span> <span class='ocrx_word' id='word_1_123' title='bbox 400 1803 475 1861; x_wconf 89' lang='lat' dir='ltr'>quae</span> <span class='ocrx_word' id='word_1_124' title='bbox 497 1785 688 1848; x_wconf 8' lang='lat' dir='ltr'>autghistoria</span> <span class='ocrx_word' id='word_1_125' title='bbox 707 1784 792 1843; x_wconf 92' lang='lat' dir='ltr'>nobis</span> <span class='ocrx_word' id='word_1_126' title='bbox 815 1794 864 1841; x_wconf 93' lang='lat' dir='ltr'>aut</span> <span class='ocrx_word' id='word_1_127' title='bbox 887 1783 961 1841; x_wconf 89' lang='lat' dir='ltr'>ratio</span> <span class='ocrx_word' id='word_1_128' title='bbox 985 1800 1063 1841; x_wconf 90' lang='lat' dir='ltr'>nova</span> <span class='ocrx_word' id='word_1_129' title='bbox 1089 1781 1192 1863; x_wconf 82' lang='lat' dir='ltr'>adfert.</span> 
     </span>
     <span class='ocr_line' id='line_1_16' title="bbox 142 1873 1230 1954; baseline -0.006 -14"><span class='ocrx_word' id='word_1_130' title='bbox 142 1881 252 1954; x_wconf 19' lang='lat' dir='ltr'>Itaplit,</span> <span class='ocrx_word' id='word_1_131' title='bbox 274 1889 307 1938; x_wconf 91' lang='lat' dir='ltr'>ut</span> <span class='ocrx_word' id='word_1_132' title='bbox 328 1879 533 1951; x_wconf 83' lang='lat' dir='ltr'>mediterranei</span> <span class='ocrx_word' id='word_1_133' title='bbox 556 1898 635 1938; x_wconf 86' lang='lat' dir='ltr'>mare</span> <span class='ocrx_word' id='word_1_134' title='bbox 657 1897 721 1938; x_wconf 91' lang='lat' dir='ltr'>esse</span> <span class='ocrx_word' id='word_1_135' title='bbox 750 1897 811 1940; x_wconf 90' lang='lat' dir='ltr'>non</span> <span class='ocrx_word' id='word_1_136' title='bbox 839 1878 969 1938; x_wconf 85' lang='lat' dir='ltr'>credant.</span> <span class='ocrx_word' id='word_1_137' title='bbox 1013 1878 1098 1952; x_wconf 88' lang='lat' dir='ltr'>Quae</span> <span class='ocrx_word' id='word_1_138' title='bbox 1117 1873 1192 1937; x_wconf 57' lang='lat' dir='ltr'>&#39;sunt</span> <span class='ocrx_word' id='word_1_139' title='bbox 1205 1902 1230 1942; x_wconf 74' lang='lat' dir='ltr'>rs</span> 
     </span>
     <span class='ocr_line' id='line_1_17' title="bbox 140 1975 1192 2052; baseline -0.002 -18"><span class='ocrx_word' id='word_1_140' title='bbox 140 1984 239 2036; x_wconf 69' lang='lat' dir='ltr'>mutae</span> <span class='ocrx_word' id='word_1_141' title='bbox 262 1975 351 2035; x_wconf 90' lang='lat' dir='ltr'>animi</span> <span class='ocrx_word' id='word_1_142' title='bbox 372 1976 543 2052; x_wconf 83' lang='lat' dir='ltr'>angustiae?</span> <span class='ocrx_word' id='word_1_143' title='bbox 566 1977 633 2048; x_wconf 68' lang='lat' dir='ltr'>‚Ut,</span> <span class='ocrx_word' id='word_1_144' title='bbox 656 1975 681 2037; x_wconf 88' lang='lat' dir='ltr'>si</span> <span class='ocrx_word' id='word_1_145' title='bbox 704 1975 923 2052; x_wconf 86' lang='lat' dir='ltr'>Seriphi&#39;natus</span> <span class='ocrx_word' id='word_1_146' title='bbox 948 1992 1028 2033; x_wconf 88' lang='lat' dir='ltr'>esses</span> <span class='ocrx_word' id='word_1_147' title='bbox 1049 1992 1106 2033; x_wconf 89' lang='lat' dir='ltr'>nec</span> <span class='ocrx_word' id='word_1_148' title='bbox 1128 1993 1192 2032; x_wconf 91' lang='lat' dir='ltr'>um·</span> 
     </span>
     <span class='ocr_line' id='line_1_18' title="bbox 141 2071 1192 2150; baseline -0.003 -17"><span class='ocrx_word' id='word_1_149' title='bbox 141 2091 231 2150; x_wconf 89' lang='lat' dir='ltr'>quam</span> <span class='ocrx_word' id='word_1_150' title='bbox 245 2090 377 2150; x_wconf 82' lang='lat' dir='ltr'>egressus</span> <span class='ocrx_word' id='word_1_151' title='bbox 390 2091 428 2132; x_wconf 85' lang='lat' dir='ltr'>ex</span> <span class='ocrx_word' id='word_1_152' title='bbox 441 2072 542 2146; x_wconf 88' lang='lat' dir='ltr'>insula,</span> <span class='ocrx_word' id='word_1_153' title='bbox 556 2073 587 2132; x_wconf 91' lang='lat' dir='ltr'>in</span> <span class='ocrx_word' id='word_1_154' title='bbox 600 2092 660 2149; x_wconf 92' lang='lat' dir='ltr'>qua</span> <span class='ocrx_word' id='word_1_155' title='bbox 675 2073 842 2149; x_wconf 87' lang='lat' dir='ltr'>lepusculos</span> <span class='ocrx_word' id='word_1_156' title='bbox 855 2071 1082 2148; x_wconf 88' lang='lat' dir='ltr'>vulpeculasque</span> <span class='ocrx_word' id='word_1_157' title='bbox 1103 2089 1192 2148; x_wconf 89' lang='lat' dir='ltr'>saepe</span> 
     </span>
     <span class='ocr_line' id='line_1_19' title="bbox 141 2169 1193 2248; baseline -0.004 -16"><span class='ocrx_word' id='word_1_158' title='bbox 141 2169 272 2244; x_wconf 86' lang='lat' dir='ltr'>vidisses,</span> <span class='ocrx_word' id='word_1_159' title='bbox 287 2189 347 2231; x_wconf 91' lang='lat' dir='ltr'>uon</span> <span class='ocrx_word' id='word_1_160' title='bbox 362 2169 496 2230; x_wconf 87' lang='lat' dir='ltr'>crederes</span> <span class='ocrx_word' id='word_1_161' title='bbox 509 2170 609 2230; x_wconf 90' lang='lat' dir='ltr'>leones</span> <span class='ocrx_word' id='word_1_162' title='bbox 624 2180 654 2236; x_wconf 90' lang='lat' dir='ltr'>et</span> <span class='ocrx_word' id='word_1_163' title='bbox 667 2171 824 2248; x_wconf 81' lang='lat' dir='ltr'>pantheras</span> <span class='ocrx_word' id='word_1_164' title='bbox 838 2188 912 2242; x_wconf 86' lang='lat' dir='ltr'>esse,</span> <span class='ocrx_word' id='word_1_165' title='bbox 927 2189 997 2228; x_wconf 86' lang='lat' dir='ltr'>curn</span> <span class='ocrx_word' id='word_1_166' title='bbox 1017 2169 1078 2243; x_wconf 91' lang='lat' dir='ltr'>tibi,</span> <span class='ocrx_word' id='word_1_167' title='bbox 1092 2169 1193 2245; x_wconf 91' lang='lat' dir='ltr'>quales</span> 
     </span>
     <span class='ocr_line' id='line_1_20' title="bbox 142 2265 1193 2343; baseline -0.001 -17"><span class='ocrx_word' id='word_1_168' title='bbox 142 2275 248 2341; x_wconf 90' lang='lat' dir='ltr'>essent,</span> <span class='ocrx_word' id='word_1_169' title='bbox 276 2267 441 2341; x_wconf 84' lang='lat' dir='ltr'>diceretur;</span> <span class='ocrx_word' id='word_1_170' title='bbox 469 2266 493 2326; x_wconf 92' lang='lat' dir='ltr'>si</span> <span class='ocrx_word' id='word_1_171' title='bbox 520 2285 590 2326; x_wconf 90' lang='lat' dir='ltr'>vero</span> <span class='ocrx_word' id='word_1_172' title='bbox 617 2266 656 2326; x_wconf 92' lang='lat' dir='ltr'>de</span> <span class='ocrx_word' id='word_1_173' title='bbox 684 2265 841 2342; x_wconf 91' lang='lat' dir='ltr'>elephanto</span> <span class='ocrx_word' id='word_1_174' title='bbox 865 2266 930 2343; x_wconf 86' lang='lat' dir='ltr'>quis</span> <span class='ocrx_word' id='word_1_175' title='bbox 958 2265 1079 2339; x_wconf 90' lang='lat' dir='ltr'>diceret,</span> <span class='ocrx_word' id='word_1_176' title='bbox 1104 2267 1193 2325; x_wconf 86' lang='lat' dir='ltr'>etiarn</span> 
     </span>
     <span class='ocr_line' id='line_1_21' title="bbox 103 2362 1231 2440; baseline -0.004 -18"><span class='ocrx_word' id='word_1_177' title='bbox 103 2368 130 2410; x_wconf 77' lang='lat'>⁸⁹</span> <span class='ocrx_word' id='word_1_178' title='bbox 142 2362 229 2422; x_wconf 92' lang='lat' dir='ltr'>rideri</span> <span class='ocrx_word' id='word_1_179' title='bbox 249 2372 278 2422; x_wconf 94' lang='lat' dir='ltr'>te</span> <span class='ocrx_word' id='word_1_180' title='bbox 294 2372 419 2440; x_wconf 87' lang='lat' dir='ltr'>putares.</span> <span class='ocrx_word' id='word_1_181' title='bbox 462 2363 502 2421; x_wconf 87' lang='lat' dir='ltr'>Et</span> <span class='ocrx_word' id='word_1_182' title='bbox 520 2371 553 2422; x_wconf 93' lang='lat' dir='ltr'>tu</span> <span class='ocrx_word' id='word_1_183' title='bbox 572 2363 704 2439; x_wconf 87' lang='lat' dir='ltr'>quidem,</span> <span class='ocrx_word' id='word_1_184' title='bbox 718 2362 820 2435; x_wconf 88' lang='lat' dir='ltr'>Vellei,</span> <span class='ocrx_word' id='word_1_185' title='bbox 834 2379 896 2420; x_wconf 92' lang='lat' dir='ltr'>non</span> <span class='ocrx_word' id='word_1_186' title='bbox 916 2370 1013 2421; x_wconf 87' lang='lat' dir='ltr'>vestro</span> <span class='ocrx_word' id='word_1_187' title='bbox 1033 2379 1124 2433; x_wconf 89' lang='lat' dir='ltr'>more,</span> <span class='ocrx_word' id='word_1_188' title='bbox 1139 2362 1192 2420; x_wconf 91' lang='lat' dir='ltr'>sed</span> <span class='ocrx_word' id='word_1_189' title='bbox 1205 2389 1231 2417; x_wconf 73' lang='grc' dir='ltr'><strong><em>ω</em></strong></span> 
     </span>
     <span class='ocr_line' id='line_1_22' title="bbox 142 2441 1320 2551; baseline -0.013 -33"><span class='ocrx_word' id='word_1_190' title='bbox 142 2459 370 2533; x_wconf 88' lang='lat' dir='ltr'>dialecticomm,</span> <span class='ocrx_word' id='word_1_191' title='bbox 387 2449 463 2534; x_wconf 82' lang='lat' dir='ltr'>quae</span> <span class='ocrx_word' id='word_1_192' title='bbox 480 2458 609 2518; x_wconf 82' lang='lat' dir='ltr'>funditus</span> <span class='ocrx_word' id='word_1_193' title='bbox 629 2477 702 2534; x_wconf 85' lang='lat' dir='ltr'>gens</span> <span class='ocrx_word' id='word_1_194' title='bbox 721 2468 816 2518; x_wconf 88' lang='lat' dir='ltr'>vestra</span> <span class='ocrx_word' id='word_1_195' title='bbox 835 2477 898 2517; x_wconf 93' lang='lat' dir='ltr'>non</span> <span class='ocrx_word' id='word_1_196' title='bbox 917 2458 1008 2531; x_wconf 90' lang='lat' dir='ltr'>novit,</span> <span class='ocrx_word' id='word_1_197' title='bbox 1022 2441 1320 2551; x_wconf 38' lang='lat' dir='ltr'>argumentablttl‘ff</span> 
     </span>
     <span class='ocr_line' id='line_1_23' title="bbox 142 2555 1191 2632; baseline 0 -18"><span class='ocrx_word' id='word_1_198' title='bbox 142 2557 306 2630; x_wconf 18' lang='lat' dir='ltr'>sententiae*</span> <span class='ocrx_word' id='word_1_199' title='bbox 326 2556 512 2616; x_wconf 89' lang='lat' dir='ltr'>conclusisti:</span> <span class='ocrx_word' id='word_1_200' title='bbox 538 2557 646 2622; x_wconf 83' lang='lat' dir='ltr'>Beatos</span> <span class='ocrx_word' id='word_1_201' title='bbox 664 2572 728 2614; x_wconf 90' lang='lat' dir='ltr'>esse</span> <span class='ocrx_word' id='word_1_202' title='bbox 750 2555 824 2615; x_wconf 90' lang='lat' dir='ltr'>deos</span> <span class='ocrx_word' id='word_1_203' title='bbox 844 2555 1001 2632; x_wconf 91' lang='lat' dir='ltr'>sumpsisti.</span> <span class='ocrx_word' id='word_1_204' title='bbox 1044 2555 1191 2615; x_wconf 91' lang='lat' dir='ltr'>Concedi-</span> 
     </span>
     <span class='ocr_line' id='line_1_24' title="bbox 98 2651 1193 2729; baseline -0.003 -16"><span class='ocrx_word' id='word_1_205' title='bbox 98 2657 218 2713; x_wconf 77' lang='lat' dir='ltr'>82mus.</span> <span class='ocrx_word' id='word_1_206' title='bbox 259 2653 383 2712; x_wconf 89' lang='lat' dir='ltr'>Beatum</span> <span class='ocrx_word' id='word_1_207' title='bbox 409 2662 508 2711; x_wconf 85' lang='lat' dir='ltr'>autern</span> <span class='ocrx_word' id='word_1_208' title='bbox 534 2653 598 2712; x_wconf 89' lang='lat' dir='ltr'>sine</span> <span class='ocrx_word' id='word_1_209' title='bbox 621 2652 725 2711; x_wconf 89' lang='lat' dir='ltr'>virtute</span> <span class='ocrx_word' id='word_1_210' title='bbox 749 2652 899 2715; x_wconf 89' lang='lat' dir='ltr'>neminem</span> <span class='ocrx_word' id='word_1_211' title='bbox 924 2670 987 2712; x_wconf 90' lang='lat' dir='ltr'>esse</span> <span class='ocrx_word' id='word_1_212' title='bbox 1015 2664 1117 2729; x_wconf 75' lang='lat' dir='ltr'>posse·</span> <span class='ocrx_word' id='word_1_213' title='bbox 1155 2651 1193 2711; x_wconf 93' lang='lat' dir='ltr'>Id</span> 
     </span>
     <span class='ocr_line' id='line_1_25' title="bbox 142 2747 1192 2824; baseline 0 -16"><span class='ocrx_word' id='word_1_214' title='bbox 142 2767 260 2824; x_wconf 90' lang='lat' dir='ltr'>quoque</span> <span class='ocrx_word' id='word_1_215' title='bbox 281 2749 394 2822; x_wconf 88' lang='lat' dir='ltr'>damus,</span> <span class='ocrx_word' id='word_1_216' title='bbox 415 2758 445 2808; x_wconf 92' lang='lat' dir='ltr'>et</span> <span class='ocrx_word' id='word_1_217' title='bbox 465 2750 588 2809; x_wconf 88' lang='lat' dir='ltr'>libenter</span> <span class='ocrx_word' id='word_1_218' title='bbox 608 2747 741 2824; x_wconf 66' lang='lat' dir='ltr'>quidem..</span> <span class='ocrx_word' id='word_1_219' title='bbox 779 2750 925 2808; x_wconf 90' lang='lat' dir='ltr'>Virtutem</span> <span class='ocrx_word' id='word_1_220' title='bbox 945 2759 1043 2808; x_wconf 91' lang='lat' dir='ltr'>autem</span> <span class='ocrx_word' id='word_1_221' title='bbox 1064 2749 1127 2808; x_wconf 92' lang='lat' dir='ltr'>sine</span> <span class='ocrx_word' id='word_1_222' title='bbox 1147 2768 1192 2808; x_wconf 88' lang='lat' dir='ltr'>ra-</span> 
     </span>
     <span class='ocr_line' id='line_1_26' title="bbox 142 2844 1230 2922; baseline 0 -18"><span class='ocrx_word' id='word_1_223' title='bbox 142 2845 220 2904; x_wconf 92' lang='lat' dir='ltr'>tione</span> <span class='ocrx_word' id='word_1_224' title='bbox 243 2856 376 2904; x_wconf 88' lang='lat' dir='ltr'>constare</span> <span class='ocrx_word' id='word_1_225' title='bbox 396 2863 458 2904; x_wconf 91' lang='lat' dir='ltr'>non</span> <span class='ocrx_word' id='word_1_226' title='bbox 477 2863 573 2921; x_wconf 91' lang='lat' dir='ltr'>posse.</span> <span class='ocrx_word' id='word_1_227' title='bbox 616 2846 781 2905; x_wconf 89' lang='lat' dir='ltr'>Conveniat</span> <span class='ocrx_word' id='word_1_228' title='bbox 800 2844 833 2904; x_wconf 91' lang='lat' dir='ltr'>id</span> <span class='ocrx_word' id='word_1_229' title='bbox 852 2863 973 2922; x_wconf 89' lang='lat' dir='ltr'>quoque</span> <span class='ocrx_word' id='word_1_230' title='bbox 993 2863 1116 2904; x_wconf 90' lang='lat' dir='ltr'>necesse</span> <span class='ocrx_word' id='word_1_231' title='bbox 1138 2855 1191 2904; x_wconf 91' lang='lat' dir='ltr'>est.</span> <span class='ocrx_word' id='word_1_232' title='bbox 1205 2873 1230 2913; x_wconf 59' lang='grc' dir='ltr'>ιε</span> 
     </span>
     <span class='ocr_line' id='line_1_27' title="bbox 142 2937 1193 3016; baseline 0.001 -18"><span class='ocrx_word' id='word_1_233' title='bbox 142 2937 302 3015; x_wconf 88' lang='lat' dir='ltr'>Adiungis:</span> <span class='ocrx_word' id='word_1_234' title='bbox 324 2957 382 3000; x_wconf 94' lang='lat' dir='ltr'>nec</span> <span class='ocrx_word' id='word_1_235' title='bbox 394 2942 537 2999; x_wconf 88' lang='lat' dir='ltr'>rationem</span> <span class='ocrx_word' id='word_1_236' title='bbox 552 2958 616 2999; x_wconf 92' lang='lat' dir='ltr'>esse</span> <span class='ocrx_word' id='word_1_237' title='bbox 631 2941 685 3001; x_wconf 89' lang='lat' dir='ltr'>nisi</span> <span class='ocrx_word' id='word_1_238' title='bbox 700 2941 730 3000; x_wconf 94' lang='lat' dir='ltr'>in</span> <span class='ocrx_word' id='word_1_239' title='bbox 744 2941 871 2999; x_wconf 89' lang='lat' dir='ltr'>hominis</span> <span class='ocrx_word' id='word_1_240' title='bbox 885 2941 985 3016; x_wconf 81' lang='lat' dir='ltr'>figura.</span> <span class='ocrx_word' id='word_1_241' title='bbox 1028 2940 1126 3014; x_wconf 90' lang='lat' dir='ltr'>Quem</span> <span class='ocrx_word' id='word_1_242' title='bbox 1139 2940 1193 2999; x_wconf 90' lang='lat' dir='ltr'>tibi</span> 
     </span>
     <span class='ocr_line' id='line_1_28' title="bbox 142 3021 1192 3110; baseline 0 -17"><span class='ocrx_word' id='word_1_243' title='bbox 142 3035 201 3093; x_wconf 90' lang='lat' dir='ltr'>hoc</span> <span class='ocrx_word' id='word_1_244' title='bbox 215 3021 348 3092; x_wconf 85' lang='lat' dir='ltr'>daturum</span> <span class='ocrx_word' id='word_1_245' title='bbox 363 3035 469 3109; x_wconf 86' lang='lat' dir='ltr'>putas?</span> <span class='ocrx_word' id='word_1_246' title='bbox 489 3034 513 3092; x_wconf 93' lang='lat' dir='ltr'>si</span> <span class='ocrx_word' id='word_1_247' title='bbox 527 3036 607 3094; x_wconf 92' lang='lat' dir='ltr'>enim</span> <span class='ocrx_word' id='word_1_248' title='bbox 620 3036 660 3093; x_wconf 92' lang='lat' dir='ltr'>ita</span> <span class='ocrx_word' id='word_1_249' title='bbox 674 3044 760 3108; x_wconf 89' lang='lat' dir='ltr'>esset,</span> <span class='ocrx_word' id='word_1_250' title='bbox 774 3034 847 3110; x_wconf 92' lang='lat' dir='ltr'>quid</span> <span class='ocrx_word' id='word_1_251' title='bbox 865 3052 940 3110; x_wconf 89' lang='lat' dir='ltr'>opus</span> <span class='ocrx_word' id='word_1_252' title='bbox 958 3044 1019 3094; x_wconf 88' lang='lat' dir='ltr'>erat</span> <span class='ocrx_word' id='word_1_253' title='bbox 1039 3044 1068 3093; x_wconf 91' lang='lat' dir='ltr'>te</span> <span class='ocrx_word' id='word_1_254' title='bbox 1090 3033 1192 3110; x_wconf 69' lang='lat' dir='ltr'>gradu·v</span> 
     </span>
     <span class='ocr_line' id='line_1_29' title="bbox 142 3129 1192 3208; baseline 0.001 -20"><span class='ocrx_word' id='word_1_255' title='bbox 142 3131 195 3188; x_wconf 91' lang='lat' dir='ltr'>tim</span> <span class='ocrx_word' id='word_1_256' title='bbox 222 3129 296 3188; x_wconf 91' lang='lat' dir='ltr'>istuc</span> <span class='ocrx_word' id='word_1_257' title='bbox 323 3129 496 3205; x_wconf 90' lang='lat' dir='ltr'>pervenire?</span> <span class='ocrx_word' id='word_1_258' title='bbox 522 3132 694 3208; x_wconf 86' lang='lat' dir='ltr'>sumpsisses</span> <span class='ocrx_word' id='word_1_259' title='bbox 722 3141 773 3190; x_wconf 90' lang='lat' dir='ltr'>tuo</span> <span class='ocrx_word' id='word_1_260' title='bbox 801 3132 871 3192; x_wconf 89' lang='lat' dir='ltr'>iure.</span> <span class='ocrx_word' id='word_1_261' title='bbox 914 3130 996 3207; x_wconf 93' lang='lat' dir='ltr'>Quid</span> <span class='ocrx_word' id='word_1_262' title='bbox 1022 3140 1121 3191; x_wconf 92' lang='lat' dir='ltr'>autem</span> <span class='ocrx_word' id='word_1_263' title='bbox 1148 3140 1192 3190; x_wconf 89' lang='lat' dir='ltr'>est</span> 
     </span>
     <span class='ocr_line' id='line_1_30' title="bbox 142 3225 1193 3302; baseline 0.004 -18"><span class='ocrx_word' id='word_1_264' title='bbox 142 3227 217 3285; x_wconf 88' lang='lat' dir='ltr'>istuc</span> <span class='ocrx_word' id='word_1_265' title='bbox 230 3225 394 3302; x_wconf 84' lang='lat' dir='ltr'>gradatim?</span> <span class='ocrx_word' id='word_1_266' title='bbox 413 3245 482 3287; x_wconf 88' lang='lat' dir='ltr'>narn</span> <span class='ocrx_word' id='word_1_267' title='bbox 495 3245 514 3285; x_wconf 90' lang='lat' dir='ltr'>a</span> <span class='ocrx_word' id='word_1_268' title='bbox 527 3227 619 3288; x_wconf 87' lang='lat' dir='ltr'>beatis</span> <span class='ocrx_word' id='word_1_269' title='bbox 632 3226 673 3287; x_wconf 88' lang='lat' dir='ltr'>ad</span> <span class='ocrx_word' id='word_1_270' title='bbox 685 3229 829 3302; x_wconf 88' lang='lat' dir='ltr'>virtutem,</span> <span class='ocrx_word' id='word_1_271' title='bbox 844 3229 980 3300; x_wconf 84' lang='lat' dir='ltr'>avirtute</span> <span class='ocrx_word' id='word_1_272' title='bbox 994 3227 1033 3287; x_wconf 88' lang='lat' dir='ltr'>ad</span> <span class='ocrx_word' id='word_1_273' title='bbox 1050 3228 1193 3288; x_wconf 87' lang='lat' dir='ltr'>rationem</span> 
     </span>
     <span class='ocr_line' id='line_1_31' title="bbox 141 3322 1231 3402; baseline 0.003 -21"><span class='ocrx_word' id='word_1_274' title='bbox 141 3323 229 3382; x_wconf 90' lang='lat' dir='ltr'>video</span> <span class='ocrx_word' id='word_1_275' title='bbox 243 3332 272 3381; x_wconf 94' lang='lat' dir='ltr'>te</span> <span class='ocrx_word' id='word_1_276' title='bbox 285 3322 399 3382; x_wconf 91' lang='lat' dir='ltr'>venisse</span> <span class='ocrx_word' id='word_1_277' title='bbox 413 3323 569 3399; x_wconf 81' lang='lat' dir='ltr'>gradibus3</span> <span class='ocrx_word' id='word_1_278' title='bbox 590 3325 733 3385; x_wconf 86' lang='lat' dir='ltr'>aratione</span> <span class='ocrx_word' id='word_1_279' title='bbox 753 3324 792 3384; x_wconf 93' lang='lat' dir='ltr'>ad</span> <span class='ocrx_word' id='word_1_280' title='bbox 810 3326 970 3386; x_wconf 85' lang='lat' dir='ltr'>humanam</span> <span class='ocrx_word' id='word_1_281' title='bbox 989 3327 1117 3402; x_wconf 89' lang='lat' dir='ltr'>figuram.</span> <span class='ocrx_word' id='word_1_282' title='bbox 1132 3343 1192 3401; x_wconf 89' lang='lat' dir='ltr'>quo</span> <span class='ocrx_word' id='word_1_283' title='bbox 1206 3352 1231 3391; x_wconf 73' lang='lat'>30</span> 
     </span>
     <span class='ocr_line' id='line_1_32' title="bbox 142 3417 1191 3497; baseline 0.003 -20"><span class='ocrx_word' id='word_1_284' title='bbox 142 3418 234 3477; x_wconf 92' lang='lat' dir='ltr'>modo</span> <span class='ocrx_word' id='word_1_285' title='bbox 248 3417 388 3477; x_wconf 86' lang='lat' dir='ltr'>accedis?</span> <span class='ocrx_word' id='word_1_286' title='bbox 426 3419 618 3496; x_wconf 90' lang='lat' dir='ltr'>Praecipitare</span> <span class='ocrx_word' id='word_1_287' title='bbox 632 3420 708 3479; x_wconf 92' lang='lat' dir='ltr'>istuc</span> <span class='ocrx_word' id='word_1_288' title='bbox 721 3421 844 3497; x_wconf 88' lang='lat' dir='ltr'>quidem</span> <span class='ocrx_word' id='word_1_289' title='bbox 857 3432 911 3494; x_wconf 89' lang='lat' dir='ltr'>est,</span> <span class='ocrx_word' id='word_1_290' title='bbox 925 3441 987 3481; x_wconf 92' lang='lat' dir='ltr'>non</span> <span class='ocrx_word' id='word_1_291' title='bbox 1001 3421 1191 3482; x_wconf 88' lang='lat' dir='ltr'>descendere.</span> 
     </span>
     <span class='ocr_line' id='line_1_33' title="bbox 104 3501 1256 3592; baseline 0.005 -20"><span class='ocrx_word' id='word_1_292' title='bbox 104 3501 209 3573; x_wconf 42' lang='lat' dir='ltr'>⁹⁰&#39;Nec</span> <span class='ocrx_word' id='word_1_293' title='bbox 222 3532 292 3573; x_wconf 90' lang='lat' dir='ltr'>vero</span> <span class='ocrx_word' id='word_1_294' title='bbox 306 3514 451 3589; x_wconf 89' lang='lat' dir='ltr'>intellego,</span> <span class='ocrx_word' id='word_1_295' title='bbox 466 3533 519 3572; x_wconf 92' lang='lat' dir='ltr'>cur</span> <span class='ocrx_word' id='word_1_296' title='bbox 532 3515 664 3574; x_wconf 89' lang='lat' dir='ltr'>maluerit</span> <span class='ocrx_word' id='word_1_297' title='bbox 680 3516 824 3592; x_wconf 88' lang='lat' dir='ltr'>Epicurus</span> <span class='ocrx_word' id='word_1_298' title='bbox 840 3517 920 3578; x_wconf 68' lang='lat' dir='ltr'>&#39;deos</span> <span class='ocrx_word' id='word_1_299' title='bbox 940 3517 1094 3577; x_wconf 91' lang='lat' dir='ltr'>hominum</span> <span class='ocrx_word' id='word_1_300' title='bbox 1114 3518 1192 3578; x_wconf 88' lang='lat' dir='ltr'>sirni-</span> <span class='ocrx_word' id='word_1_301' title='bbox 1253 3573 1256 3578; x_wconf 89' lang='lat'><em>.</em></span> 
     </span>
     <span class='ocr_line' id='line_1_34' title="bbox 141 3609 1193 3689; baseline 0.006 -22"><span class='ocrx_word' id='word_1_302' title='bbox 141 3611 183 3668; x_wconf 92' lang='lat' dir='ltr'>les</span> <span class='ocrx_word' id='word_1_303' title='bbox 202 3609 300 3668; x_wconf 92' lang='lat' dir='ltr'>dicere</span> <span class='ocrx_word' id='word_1_304' title='bbox 321 3628 411 3685; x_wconf 88' lang='lat' dir='ltr'>quam</span> <span class='ocrx_word' id='word_1_305' title='bbox 432 3610 565 3669; x_wconf 90' lang='lat' dir='ltr'>homines</span> <span class='ocrx_word' id='word_1_306' title='bbox 586 3609 718 3688; x_wconf 87' lang='lat' dir='ltr'>deorum.</span> <span class='ocrx_word' id='word_1_307' title='bbox 761 3611 902 3687; x_wconf 91' lang='lat' dir='ltr'>Quaeres,</span> <span class='ocrx_word' id='word_1_308' title='bbox 924 3613 996 3689; x_wconf 92' lang='lat' dir='ltr'>quid</span> <span class='ocrx_word' id='word_1_309' title='bbox 1017 3614 1128 3674; x_wconf 89' lang='lat' dir='ltr'>intersit</span> <span class='ocrx_word' id='word_1_310' title='bbox 1138 3635 1147 3687; x_wconf 89' lang='lat'>;</span> <span class='ocrx_word' id='word_1_311' title='bbox 1169 3614 1193 3673; x_wconf 89' lang='lat' dir='ltr'>si</span> 
     </span>
     <span class='ocr_line' id='line_1_35' title="bbox 142 3705 1191 3783; baseline 0.004 -18"><span class='ocrx_word' id='word_1_312' title='bbox 142 3706 220 3765; x_wconf 94' lang='lat' dir='ltr'>enim</span> <span class='ocrx_word' id='word_1_313' title='bbox 235 3705 293 3764; x_wconf 93' lang='lat' dir='ltr'>hoc</span> <span class='ocrx_word' id='word_1_314' title='bbox 307 3705 347 3763; x_wconf 91' lang='lat' dir='ltr'>illi</span> <span class='ocrx_word' id='word_1_315' title='bbox 360 3705 453 3764; x_wconf 88' lang='lat' dir='ltr'>simile</span> <span class='ocrx_word' id='word_1_316' title='bbox 467 3706 512 3778; x_wconf 87' lang='lat' dir='ltr'>sit,</span> <span class='ocrx_word' id='word_1_317' title='bbox 526 3723 590 3765; x_wconf 90' lang='lat' dir='ltr'>esse</span> <span class='ocrx_word' id='word_1_318' title='bbox 611 3705 693 3765; x_wconf 83' lang='lat' dir='ltr'>illud·</span> <span class='ocrx_word' id='word_1_319' title='bbox 702 3706 779 3766; x_wconf 90' lang='lat' dir='ltr'>huic.</span> <span class='ocrx_word' id='word_1_320' title='bbox 820 3708 937 3782; x_wconf 89' lang='lat' dir='ltr'>Video;</span> <span class='ocrx_word' id='word_1_321' title='bbox 959 3708 1013 3768; x_wconf 90' lang='lat' dir='ltr'>sed</span> <span class='ocrx_word' id='word_1_322' title='bbox 1034 3709 1092 3769; x_wconf 92' lang='lat' dir='ltr'>hoc</span> <span class='ocrx_word' id='word_1_323' title='bbox 1113 3708 1191 3783; x_wconf 87' lang='lat' dir='ltr'>dico,</span> 
     </span>
     <span class='ocr_line' id='line_1_36' title="bbox 141 3800 1230 3880; baseline 0.008 -21"><span class='ocrx_word' id='word_1_324' title='bbox 141 3819 203 3859; x_wconf 92' lang='lat' dir='ltr'>non</span> <span class='ocrx_word' id='word_1_325' title='bbox 224 3801 262 3860; x_wconf 91' lang='lat' dir='ltr'>ab</span> <span class='ocrx_word' id='word_1_326' title='bbox 284 3800 459 3880; x_wconf 28' lang='lat' dir='ltr'>hominibus,</span> <span class='ocrx_word' id='word_1_327' title='bbox 473 3802 583 3860; x_wconf 81' lang='lat' dir='ltr'>formae</span> <span class='ocrx_word' id='word_1_328' title='bbox 605 3802 727 3878; x_wconf 85' lang='lat' dir='ltr'>figuram</span> <span class='ocrx_word' id='word_1_329' title='bbox 748 3804 861 3864; x_wconf 88' lang='lat' dir='ltr'>venisse</span> <span class='ocrx_word' id='word_1_330' title='bbox 884 3803 924 3863; x_wconf 89' lang='lat' dir='ltr'>ad</span> <span class='ocrx_word' id='word_1_331' title='bbox 946 3805 1019 3868; x_wconf 88' lang='lat' dir='ltr'>deos</span> <span class='ocrx_word' id='word_1_332' title='bbox 1029 3826 1038 3880; x_wconf 83' lang='lat'>3</span> <span class='ocrx_word' id='word_1_333' title='bbox 1060 3806 1091 3866; x_wconf 94' lang='lat' dir='ltr'>di</span> <span class='ocrx_word' id='word_1_334' title='bbox 1112 3807 1192 3866; x_wconf 92' lang='lat' dir='ltr'>enim</span> <span class='ocrx_word' id='word_1_335' title='bbox 1206 3829 1230 3870; x_wconf 81' lang='lat' dir='ltr'>as</span> 
     </span>
    </p>
   </div>
   <div class='ocr_carea' id='block_1_3' title="bbox 0 0 1470 4364">
    <p class='ocr_par' dir='ltr' id='par_1_3' title="bbox 0 0 1470 4364">
     <span class='ocr_line' id='line_1_37' title="bbox 0 0 1470 4364; baseline 0 0"><span class='ocrx_word' id='word_1_336' title='bbox 0 0 1470 4364; x_wconf 95' lang='lat' dir='ltr'> </span> 
     </span>
    </p>
   </div>
  </div>
 </body>
</html>
