2932 4364
415 437 418 443 Ι
460 367 886 419 unixcxaLxrv-van
923 370 954 434 ss
975 369 1094 419 maroa
1198 341 1201 348 ’
1261 372 1315 435 131
1378 407 1380 412 .

268 520 410 594 dendum,
426 524 523 593 Cotta,
535 523 604 596 quia
618 521 786 581 Carneades
800 523 934 581 lubenter
946 523 977 581 in
991 524 1106 583 Stoicos
1120 523 1318 596 invehebatur,

269 618 407 690 Velleius,
422 618 491 692 quia
511 618 582 675 nihil
605 628 664 675 tam
686 617 792 676 inridet
813 619 957 693 Epicurus
978 637 1067 694 quam
1087 619 1319 694 praedictionem

267 731 364 771 rerum
381 715 549 785 suturamm,
565 714 635 771 mihi
649 713 764 772 videtur
777 714 823 771 vel
845 732 981 772 maxume
1002 715 1176 772 confirmare
1197 715 1319 774 deorum

268 808 451 884 providentia
465 809 577 866 consuli
592 809 677 866 rebus
693 808 836 866 humanis.
880 810 933 866 Est
954 809 1033 867 enim
1054 810 1187 884 profecto
1208 810 1319 869 divina·

237 905 318 975 etio,
334 922 409 980 quae
431 904 527 962 multis
549 905 629 975 locis,
644 905 740 974 rebus,
755 905 934 978 temporibus
955 915 1077 980 apparet
1096 924 1164 963 cum
1182 902 1244 984 [in]
1262 907 1318 983 pri-

268 1001 340 1058 vatis
360 1010 423 1060 tum
444 1017 580 1058 maxume
602 1000 732 1074 publicis.
777 1000 871 1058 Multa
892 1009 1016 1058 cernunt
1037 1000 1214 1076 hamspices,
1230 1004 1363 1060 multator

268 1116 391 1172 augures
415 1095 578 1172 provident,
604 1097 696 1153 multa
719 1097 823 1154 oraclis
851 1095 1042 1169 declarantur,
1068 1099 1159 1162 multa
1181 1098 1318 1156 vaticina·

269 1194 405 1269 tionibus,
420 1192 653 1264 multa'somniis,
669 1193 760 1250 multa
774 1193 924 1267 portentis,
940 1193 1045 1268 quibus
1066 1194 1190 1269 cognitis
1211 1194 1318 1253 multae

231 1291 245 1317 '³
268 1307 357 1365 saepe
380 1307 425 1347 res
447 1309 484 1346 ex
506 1288 658 1346 hominum
681 1288 826 1345 sententia
845 1298 933 1362 atque
956 1289 1077 1347 utilitate
1098 1299 1207 1364 partae,
1228 1291 1319 1348 multa
1375 1302 1376 1306 ’

232 1411 257 1438 ιο
269 1385 357 1443 etiam
371 1385 501 1459 pericula
514 1383 637 1458 depulsa
649 1394 725 1443 sunt.
768 1385 855 1441 Haec
870 1383 954 1458 igitur
975 1385 1035 1442 sive
1049 1385 1091 1443 vis
1112 1386 1171 1443 sive
1192 1405 1237 1444 ars
1258 1386 1318 1445 sive

265 1490 371 1539 natura
385 1479 423 1538 ad
440 1480 592 1538 scientiam
612 1498 708 1538 rerum
730 1480 887 1537 futurarum
911 1479 1022 1538 homini
1042 1481 1175 1556 profecto
1196 1491 1240 1540 est
1260 1500 1318 1541 nec

269 1577 317 1635 alii
330 1577 468 1652 cuiquam
482 1595 501 1634 a
513 1576 558 1635 dis
573 1560 771 1635 inmortalibus
787 1574 864 1635 data.
908 1576 993 1651 Quae
1008 1577 1033 1636 si
1047 1577 1157 1653 singula
1171 1596 1224 1637 vos
1245 1579 1318 1638 forte

269 1693 330 1734 non
344 1683 472 1746 movent,
487 1674 620 1732 universa
635 1683 713 1732 certe
734 1683 833 1732 tamen
855 1673 930 1732 inter
950 1691 982 1733 se
1003 1691 1118 1733 conexa
1138 1685 1225 1751 atque
1246 1693 1318 1735 con·

269 1771 369 1831 iuncta
382 1789 500 1830 movere
515 1770 674 1829 debebunt.

233 1897 257 1934 ις
311 1871 378 1928 Nec
390 1887 460 1928 vero
474 1870 608 1927 universo
623 1868 722 1944 generi
736 1868 889 1927 hominum
903 1869 1008 1941 solum,
1022 1867 1076 1927 sed
1095 1868 1184 1929 etiam
1202 1870 1319 1946 singulis
1327 1881 1363 1922 ¹64

270 1967 346 2027 adis
360 1967 559 2026 inmortalibus
573 1967 685 2025 consuli
705 1974 735 2024 et
755 1965 901 2042 provideri
922 1966 1004 2025 solet.
1048 1966 1131 2025 Licet
1151 1967 1229 2025 enim
1249 1985 1319 2026 con·

270 2065 382 2123 trahere
410 2057 625 2123 universitatem
652 2062 766 2139 generis
801 2062 921 2122 humani
955 2081 1080 2138 eamque
1111 2063 1259 2139 gradatim·
1282 2063 1320 2124 ad

269 2162 431 2237 pauciores,
453 2156 602 2236 postremo
625 2159 774 2219 deducere
796 2159 835 2218 ad
857 2159 994 2235 singulos.
1036 2160 1116 2218 Nam
1138 2160 1163 2218 si
1183 2160 1364 2220 omnibustttt

270 2258 445 2331 hominibus,
461 2258 511 2334 qui
532 2258 640 2333 ubique
661 2266 728 2316 sunt
749 2274 935 2333 quacumque
957 2257 987 2314 in
1009 2274 1061 2315 ora
1080 2275 1116 2315 ac
1134 2267 1216 2332 parte
1233 2267 1321 2316 terra-

233 2375 334 2415 „rum
362 2355 399 2415 ab
426 2356 547 2414 huiusce
576 2365 678 2426 terrae,
706 2372 795 2429 quam
823 2371 878 2412 nos
909 2353 1073 2425 incolimus,
1102 2355 1321 2414 continuatione

270 2452 449 2523 distantium,
464 2452 537 2511 deos
557 2450 709 2509 consulere
730 2468 886 2508 censemus
906 2450 946 2508 ob
967 2468 1016 2508 eas
1037 2468 1150 2522 causas,
1165 2469 1237 2525 quas
1253 2461 1321 2510 ante

271 2547 405 2624 diximus,
429 2548 472 2606 his
495 2564 612 2621 quoque
635 2546 802 2604 hominibus
829 2545 992 2614 consulunt,
1017 2545 1067 2618 qui
1092 2545 1144 2602 has
1168 2547 1321 2604 nobiscum

270 2649 359 2698 terras
373 2642 411 2699 ab
425 2642 536 2698 oriente
551 2639 590 2697 ad
603 2639 791 2698 occidentem
807 2639 916 2696 colunt.
960 2639 1008 2695 Sin
1030 2647 1128 2695 autem
1148 2639 1195 2696 his
1215 2653 1365 2698 consu-rat

270 2735 341 2807 lunt,
356 2736 406 2810 qui
427 2735 509 2809 quasi
529 2752 667 2817 magnam
686 2732 834 2808 quandam
856 2733 979 2791 insulam
1001 2732 1142 2803 incolunt,
1157 2751 1246 2807 quam
1267 2752 1321 2792 nos

234 2861 258 2900 25
270 2831 373 2889 orbem
395 2839 486 2889 terrae
508 2847 657 2900 vocamus,
680 2829 769 2886 etiam
792 2828 845 2886 illis
870 2827 1034 2899 consulunt,
1058 2827 1108 2903 qui
1135 2840 1232 2903 partes
1259 2829 1320 2888 eius

271 2927 380 2986 insulae
408 2936 518 2998 tenent,
546 2927 706 3000 Europam,
734 2925 843 2996 Asiam,
872 2925 1008 2982 Africam.
1058 2924 1136 3000 Ergo
1164 2933 1194 2981 et
1221 2944 1321 2983 earum

270 3033 367 3100 partes
394 3023 526 3099 diligunt,
554 3033 586 3080 ut
614 3023 751 3092 Romam,
780 3022 920 3093 Athenas,
948 3022 1090 3096 Spartam,
1116 3020 1267 3093 Rhodum,
1292 3032 1322 3080 et

271 3140 370 3180 earum
385 3121 503 3180 urbium'
512 3120 666 3195 separatim
681 3120 718 3178 ab
734 3119 871 3177 universis
886 3119 1014 3195 singulos
1028 3118 1161 3194 diligunt,
1175 3129 1207 3177 ut
1223 3120 1322 3194 Pyrrhi

270 3219 348 3278 bello
370 3220 499 3290 Curium,
518 3218 694 3289 Fabricium,
716 3216 943 3286 Comncanium,
965 3217 1060 3292 primo
1082 3215 1194 3274 Punico
1216 3217 1322 3276 Calati-

233 3347 259 3384 ³0
271 3336 352 3387 num,
368 3315 525 3388 Duellium,
541 3316 703 3387 Metellum,
719 3314 877 3385 Lutatium,
892 3313 1024 3372 secundo
1045 3315 1228 3386 Maxumum,
1244 3316 1322 3373 Mar-

271 3413 386 3484 cellum,
415 3413 592 3483 Africanum,
620 3421 688 3487 post
722 3411 776 3469 hos
811 3411 942 3481 Paulum,
971 3410 1149 3480 Gracchum,
1177 3411 1322 3470 Catonem

270 3519 421 3582 patrumve
442 3509 584 3566 memoria
606 3507 784 3582 Scipionem,
807 3505 958 3576 Laelium;
986 3506 1152 3581 multosque
1174 3516 1323 3580 praeterea

272 3613 301 3661 et
322 3613 420 3662 nostra
440 3604 539 3661 civitas
558 3611 588 3661 et
602 3601 728 3663 Graecia
741 3602 805 3659 tulit
818 3601 976 3676 singulares
990 3601 1075 3679 viros,
1090 3619 1214 3675 quorum
1230 3603 1322 3659 nemi·

271 3718 341 3757 nem
361 3700 416 3757 nisi
437 3699 552 3757 iuvante
574 3697 633 3756 deo
654 3698 741 3755 talem
756 3697 843 3755 luisse
858 3695 1040 3754 credendum
1056 3705 1108 3754 est.
1130 3764 1131 3768 Ἰ
1151 3697 1235 3770 Quae
1249 3698 1367 3755 ratiorus

234 3822 258 3862 rs
273 3796 375 3872 poetas
397 3812 591 3871 maxumeque
613 3795 780 3854 Homemm
802 3792 915 3868 inpulit,
937 3801 969 3850 ut
989 3792 1168 3869 principibus
1189 3792 1321 3869 heroum,
