<?xml version="1.0" encoding="UTF-8"?>
<!DOCTYPE html PUBLIC "-//W3C//DTD XHTML 1.0 Transitional//EN"
    "http://www.w3.org/TR/xhtml1/DTD/xhtml1-transitional.dtd">
<html xmlns="http://www.w3.org/1999/xhtml" xml:lang="en" lang="en">
 <head>
  <title>
</title>
<meta http-equiv="Content-Type" content="text/html;charset=utf-8" />
  <meta name='ocr-system' content='tesseract 3.04.00' />
  <meta name='ocr-capabilities' content='ocr_page ocr_carea ocr_par ocr_line ocrx_word'/>
</head>
<body>
  <div class='ocr_page' id='page_1' title='image "./mtulliiciceroni02schgoog/mtulliiciceroni02schgoog_0056.png"; bbox 0 0 2932 4364; ppageno 0'>
   <div class='ocr_carea' id='block_1_1' title="bbox 522 371 1311 438">
    <p class='ocr_par' dir='ltr' id='par_1_1' title="bbox 522 371 1311 438">
     <span class='ocr_line' id='line_1_1' title="bbox 522 371 1311 438; baseline 0 -16"><span class='ocrx_word' id='word_1_1' title='bbox 522 373 588 424; x_wconf 80' lang='lat' dir='ltr'><strong>ma.</strong></span> <span class='ocrx_word' id='word_1_2' title='bbox 606 374 628 424; x_wconf 88' lang='lat'><strong>1.</strong></span> <span class='ocrx_word' id='word_1_3' title='bbox 661 374 722 424; x_wconf 63' lang='lat' dir='ltr'><strong>cnr.</strong></span> <span class='ocrx_word' id='word_1_4' title='bbox 734 373 893 434; x_wconf 86' lang='lat' dir='ltr'>x111,x1v.</span> <span class='ocrx_word' id='word_1_5' title='bbox 927 373 957 438; x_wconf 65' lang='lat' dir='ltr'><strong>§a</strong></span> <span class='ocrx_word' id='word_1_6' title='bbox 970 385 1058 437; x_wconf 82' lang='lat'><strong>³¹·37·</strong></span> <span class='ocrx_word' id='word_1_7' title='bbox 1269 371 1311 434; x_wconf 84' lang='lat'><strong>43</strong></span> 
     </span>
    </p>
   </div>
   <div class='ocr_carea' id='block_1_2' title="bbox 203 520 1381 1750">
    <p class='ocr_par' dir='ltr' id='par_1_2' title="bbox 203 520 1381 1750">
     <span class='ocr_line' id='line_1_2' title="bbox 263 520 1313 599; baseline -0.004 -17"><span class='ocrx_word' id='word_1_8' title='bbox 263 522 351 582; x_wconf 92' lang='lat' dir='ltr'><strong>stellis</strong></span> <span class='ocrx_word' id='word_1_9' title='bbox 364 523 443 599; x_wconf 87' lang='lat' dir='ltr'><strong>vagis</strong></span> <span class='ocrx_word' id='word_1_10' title='bbox 457 524 652 595; x_wconf 88' lang='lat' dir='ltr'><strong>nominantur,</strong></span> <span class='ocrx_word' id='word_1_11' title='bbox 668 542 769 596; x_wconf 92' lang='lat' dir='ltr'><strong>unum,</strong></span> <span class='ocrx_word' id='word_1_12' title='bbox 784 524 834 598; x_wconf 92' lang='lat' dir='ltr'><strong>qui</strong></span> <span class='ocrx_word' id='word_1_13' title='bbox 855 542 893 581; x_wconf 88' lang='lat' dir='ltr'><strong>ex</strong></span> <span class='ocrx_word' id='word_1_14' title='bbox 912 523 1049 582; x_wconf 89' lang='lat' dir='ltr'><strong>omnibus</strong></span> <span class='ocrx_word' id='word_1_15' title='bbox 1062 520 1222 592; x_wconf 87' lang='lat' dir='ltr'><strong>sideribus,</strong></span> <span class='ocrx_word' id='word_1_16' title='bbox 1237 538 1313 595; x_wconf 91' lang='lat' dir='ltr'><strong>quae</strong></span> 
     </span>
     <span class='ocr_line' id='line_1_3' title="bbox 263 615 1313 694; baseline -0.001 -19"><span class='ocrx_word' id='word_1_17' title='bbox 263 617 351 675; x_wconf 86' lang='lat' dir='ltr'><strong>infixa</strong></span> <span class='ocrx_word' id='word_1_18' title='bbox 365 618 448 676; x_wconf 91' lang='lat' dir='ltr'><strong>caelo</strong></span> <span class='ocrx_word' id='word_1_19' title='bbox 459 627 535 690; x_wconf 91' lang='lat' dir='ltr'><strong>sunt,</strong></span> <span class='ocrx_word' id='word_1_20' title='bbox 547 637 585 676; x_wconf 87' lang='lat' dir='ltr'><strong>ex</strong></span> <span class='ocrx_word' id='word_1_21' title='bbox 594 618 732 694; x_wconf 89' lang='lat' dir='ltr'><strong>dispersis</strong></span> <span class='ocrx_word' id='word_1_22' title='bbox 743 620 825 693; x_wconf 90' lang='lat' dir='ltr'><strong>quasi</strong></span> <span class='ocrx_word' id='word_1_23' title='bbox 839 618 977 677; x_wconf 84' lang='lat' dir='ltr'><strong>membris</strong></span> <span class='ocrx_word' id='word_1_24' title='bbox 987 617 1110 694; x_wconf 86' lang='lat' dir='ltr'><strong>simplex</strong></span> <span class='ocrx_word' id='word_1_25' title='bbox 1121 617 1156 675; x_wconf 90' lang='lat' dir='ltr'><strong>sit</strong></span> <span class='ocrx_word' id='word_1_26' title='bbox 1166 615 1313 692; x_wconf 89' lang='lat' dir='ltr'><strong>putandus</strong></span> 
     </span>
     <span class='ocr_line' id='line_1_4' title="bbox 263 711 1381 796; baseline -0.002 -24"><span class='ocrx_word' id='word_1_27' title='bbox 263 712 346 785; x_wconf 91' lang='lat' dir='ltr'><strong>deus,</strong></span> <span class='ocrx_word' id='word_1_28' title='bbox 353 712 511 790; x_wconf 90' lang='lat' dir='ltr'><strong>septimum</strong></span> <span class='ocrx_word' id='word_1_29' title='bbox 521 713 613 773; x_wconf 90' lang='lat' dir='ltr'><strong>solem</strong></span> <span class='ocrx_word' id='word_1_30' title='bbox 624 713 756 796; x_wconf 84' lang='lat' dir='ltr'><strong>adiungit</strong></span> <span class='ocrx_word' id='word_1_31' title='bbox 766 723 958 789; x_wconf 87' lang='lat' dir='ltr'><strong>octavamque</strong></span> <span class='ocrx_word' id='word_1_32' title='bbox 967 713 1085 786; x_wconf 89' lang='lat' dir='ltr'><strong>lunam;</strong></span> <span class='ocrx_word' id='word_1_33' title='bbox 1100 711 1314 787; x_wconf 92' lang='lat' dir='ltr'><strong>quiquosensu</strong></span> <span class='ocrx_word' id='word_1_34' title='bbox 1379 775 1381 780; x_wconf 63' lang='grc'>,</span> 
     </span>
     <span class='ocr_line' id='line_1_5' title="bbox 262 792 1314 886; baseline -0.001 -19"><span class='ocrx_word' id='word_1_35' title='bbox 262 809 341 868; x_wconf 87' lang='lat' dir='ltr'><strong>beati</strong></span> <span class='ocrx_word' id='word_1_36' title='bbox 365 827 429 868; x_wconf 90' lang='lat' dir='ltr'><strong>esse</strong></span> <span class='ocrx_word' id='word_1_37' title='bbox 453 809 574 885; x_wconf 84' lang='lat' dir='ltr'><strong>possint,</strong></span> <span class='ocrx_word' id='word_1_38' title='bbox 599 809 726 886; x_wconf 86' lang='lat' dir='ltr'><strong>intellegi</strong></span> <span class='ocrx_word' id='word_1_39' title='bbox 753 828 814 869; x_wconf 91' lang='lat' dir='ltr'><strong>non</strong></span> <span class='ocrx_word' id='word_1_40' title='bbox 838 818 945 886; x_wconf 81' lang='lat' dir='ltr'><strong>potest</strong></span> <span class='ocrx_word' id='word_1_41' title='bbox 987 811 1034 868; x_wconf 86' lang='lat' dir='ltr'><strong>Ex</strong></span> <span class='ocrx_word' id='word_1_42' title='bbox 1057 792 1164 868; x_wconf 60' lang='lat' dir='ltr'><strong>carnin</strong></span> <span class='ocrx_word' id='word_1_43' title='bbox 1184 809 1314 868; x_wconf 79' lang='lat' dir='ltr'><strong>&#39;Platonis</strong></span> 
     </span>
     <span class='ocr_line' id='line_1_6' title="bbox 232 905 1316 982; baseline -0.002 -18"><span class='ocrx_word' id='word_1_44' title='bbox 232 924 244 964; x_wconf 82' lang='lat' dir='ltr'><strong>s</strong></span> <span class='ocrx_word' id='word_1_45' title='bbox 263 905 364 964; x_wconf 86' lang='lat' dir='ltr'><strong>schola</strong></span> <span class='ocrx_word' id='word_1_46' title='bbox 387 906 526 964; x_wconf 92' lang='lat' dir='ltr'><strong>Ponticus</strong></span> <span class='ocrx_word' id='word_1_47' title='bbox 549 905 723 965; x_wconf 87' lang='lat' dir='ltr'><strong>Heraclides</strong></span> <span class='ocrx_word' id='word_1_48' title='bbox 744 906 901 982; x_wconf 88' lang='lat' dir='ltr'><strong>puerilibus</strong></span> <span class='ocrx_word' id='word_1_49' title='bbox 922 905 1025 964; x_wconf 83' lang='lat' dir='ltr'><strong>sabulis</strong></span> <span class='ocrx_word' id='word_1_50' title='bbox 1045 905 1157 964; x_wconf 80' lang='lat' dir='ltr'><strong>refersit</strong></span> <span class='ocrx_word' id='word_1_51' title='bbox 1177 905 1264 964; x_wconf 88' lang='lat' dir='ltr'><strong>libros</strong></span> <span class='ocrx_word' id='word_1_52' title='bbox 1286 914 1316 963; x_wconf 89' lang='lat' dir='ltr'><strong>et</strong></span> 
     </span>
     <span class='ocr_line' id='line_1_7' title="bbox 263 999 1315 1082; baseline -0.001 -23"><span class='ocrx_word' id='word_1_53' title='bbox 263 999 354 1060; x_wconf 91' lang='lat' dir='ltr'><strong>modo</strong></span> <span class='ocrx_word' id='word_1_54' title='bbox 378 1000 533 1073; x_wconf 90' lang='lat' dir='ltr'><strong>mundum,</strong></span> <span class='ocrx_word' id='word_1_55' title='bbox 558 1011 620 1059; x_wconf 91' lang='lat' dir='ltr'><strong>tum</strong></span> <span class='ocrx_word' id='word_1_56' title='bbox 644 1010 775 1082; x_wconf 86' lang='lat' dir='ltr'><strong>mentem</strong></span> <span class='ocrx_word' id='word_1_57' title='bbox 798 1000 928 1060; x_wconf 85' lang='lat' dir='ltr'><strong>divinam</strong></span> <span class='ocrx_word' id='word_1_58' title='bbox 952 1018 1016 1059; x_wconf 91' lang='lat' dir='ltr'><strong>esse</strong></span> <span class='ocrx_word' id='word_1_59' title='bbox 1040 1008 1132 1076; x_wconf 90' lang='lat' dir='ltr'><strong>putat,</strong></span> <span class='ocrx_word' id='word_1_60' title='bbox 1155 999 1315 1059; x_wconf 90' lang='lat' dir='ltr'><strong>errantibus</strong></span> 
     </span>
     <span class='ocr_line' id='line_1_8' title="bbox 263 1092 1315 1172; baseline 0 -18"><span class='ocrx_word' id='word_1_61' title='bbox 263 1097 351 1155; x_wconf 90' lang='lat' dir='ltr'><strong>etiam</strong></span> <span class='ocrx_word' id='word_1_62' title='bbox 372 1092 467 1167; x_wconf 76' lang='lat' dir='ltr'><strong>stellis,</strong></span> <span class='ocrx_word' id='word_1_63' title='bbox 481 1096 661 1156; x_wconf 90' lang='lat' dir='ltr'><strong>divinitatem</strong></span> <span class='ocrx_word' id='word_1_64' title='bbox 683 1096 782 1156; x_wconf 88' lang='lat' dir='ltr'><strong>tribuit</strong></span> <span class='ocrx_word' id='word_1_65' title='bbox 803 1114 949 1172; x_wconf 90' lang='lat' dir='ltr'><strong>sensuque</strong></span> <span class='ocrx_word' id='word_1_66' title='bbox 973 1095 1063 1154; x_wconf 90' lang='lat' dir='ltr'><strong>deum</strong></span> <span class='ocrx_word' id='word_1_67' title='bbox 1086 1096 1180 1172; x_wconf 86' lang='lat' dir='ltr'><strong>privat</strong></span> <span class='ocrx_word' id='word_1_68' title='bbox 1202 1097 1315 1154; x_wconf 89' lang='lat' dir='ltr'><strong>eteius</strong></span> 
     </span>
     <span class='ocr_line' id='line_1_9' title="bbox 263 1191 1316 1266; baseline 0 -17"><span class='ocrx_word' id='word_1_69' title='bbox 263 1192 387 1250; x_wconf 86' lang='lat' dir='ltr'><strong>sormam</strong></span> <span class='ocrx_word' id='word_1_70' title='bbox 401 1192 571 1251; x_wconf 90' lang='lat' dir='ltr'><strong>mutabilem</strong></span> <span class='ocrx_word' id='word_1_71' title='bbox 585 1211 649 1251; x_wconf 90' lang='lat' dir='ltr'><strong>esse</strong></span> <span class='ocrx_word' id='word_1_72' title='bbox 663 1193 724 1251; x_wconf 88' lang='lat' dir='ltr'><strong>vult</strong></span> <span class='ocrx_word' id='word_1_73' title='bbox 737 1191 903 1266; x_wconf 89' lang='lat' dir='ltr'><strong>eodemque</strong></span> <span class='ocrx_word' id='word_1_74' title='bbox 921 1191 951 1250; x_wconf 92' lang='lat' dir='ltr'><strong>in</strong></span> <span class='ocrx_word' id='word_1_75' title='bbox 971 1191 1044 1250; x_wconf 93' lang='lat' dir='ltr'><strong>libro</strong></span> <span class='ocrx_word' id='word_1_76' title='bbox 1057 1209 1153 1250; x_wconf 90' lang='lat' dir='ltr'><strong>rursus</strong></span> <span class='ocrx_word' id='word_1_77' title='bbox 1166 1199 1271 1249; x_wconf 89' lang='lat' dir='ltr'><strong>terram</strong></span> <span class='ocrx_word' id='word_1_78' title='bbox 1285 1200 1316 1249; x_wconf 89' lang='lat' dir='ltr'><strong>et</strong></span> 
     </span>
     <span class='ocr_line' id='line_1_10' title="bbox 263 1276 1353 1361; baseline 0.001 -18"><span class='ocrx_word' id='word_1_79' title='bbox 263 1285 377 1344; x_wconf 90' lang='lat' dir='ltr'><strong>caelum</strong></span> <span class='ocrx_word' id='word_1_80' title='bbox 397 1287 485 1344; x_wconf 80' lang='lat' dir='ltr'><strong>refert</strong></span> <span class='ocrx_word' id='word_1_81' title='bbox 504 1276 535 1345; x_wconf 91' lang='lat' dir='ltr'><strong>in</strong></span> <span class='ocrx_word' id='word_1_82' title='bbox 554 1286 637 1346; x_wconf 90' lang='lat' dir='ltr'><strong>deos.</strong></span> <span class='ocrx_word' id='word_1_83' title='bbox 679 1288 745 1345; x_wconf 91' lang='lat' dir='ltr'><strong>Nec</strong></span> <span class='ocrx_word' id='word_1_84' title='bbox 759 1304 829 1344; x_wconf 88' lang='lat' dir='ltr'><strong>vero</strong></span> <span class='ocrx_word' id='word_1_85' title='bbox 842 1286 1037 1361; x_wconf 86' lang='lat' dir='ltr'><strong>Theophrasti</strong></span> <span class='ocrx_word' id='word_1_86' title='bbox 1058 1286 1252 1344; x_wconf 86' lang='lat' dir='ltr'><strong>inconstantia</strong></span> <span class='ocrx_word' id='word_1_87' title='bbox 1273 1286 1313 1344; x_wconf 87' lang='lat' dir='ltr'><strong>le·</strong></span> <span class='ocrx_word' id='word_1_88' title='bbox 1326 1294 1353 1334; x_wconf 56' lang='grc' dir='ltr'><strong>θ’</strong></span> 
     </span>
     <span class='ocr_line' id='line_1_11' title="bbox 203 1373 1315 1458; baseline 0.001 -20"><span class='ocrx_word' id='word_1_89' title='bbox 203 1446 205 1450; x_wconf 10' lang='lat' dir='ltr'><strong>g</strong></span> <span class='ocrx_word' id='word_1_90' title='bbox 228 1402 252 1430; x_wconf 82' lang='grc' dir='ltr'><strong>ιο</strong></span> <span class='ocrx_word' id='word_1_91' title='bbox 263 1379 355 1438; x_wconf 90' lang='lat' dir='ltr'><strong>renda</strong></span> <span class='ocrx_word' id='word_1_92' title='bbox 368 1390 431 1455; x_wconf 83' lang='lat' dir='ltr'><strong>est3</strong></span> <span class='ocrx_word' id='word_1_93' title='bbox 453 1381 544 1440; x_wconf 94' lang='lat' dir='ltr'><strong>modo</strong></span> <span class='ocrx_word' id='word_1_94' title='bbox 555 1383 634 1440; x_wconf 91' lang='lat' dir='ltr'><strong>enim</strong></span> <span class='ocrx_word' id='word_1_95' title='bbox 649 1381 741 1440; x_wconf 91' lang='lat' dir='ltr'><strong>menti</strong></span> <span class='ocrx_word' id='word_1_96' title='bbox 751 1380 881 1440; x_wconf 89' lang='lat' dir='ltr'><strong>divinum</strong></span> <span class='ocrx_word' id='word_1_97' title='bbox 895 1381 994 1440; x_wconf 88' lang='lat' dir='ltr'><strong>tribuit</strong></span> <span class='ocrx_word' id='word_1_98' title='bbox 1007 1373 1212 1458; x_wconf 85' lang='lat' dir='ltr'><strong>principatum,</strong></span> <span class='ocrx_word' id='word_1_99' title='bbox 1222 1380 1315 1440; x_wconf 94' lang='lat' dir='ltr'><strong>modo</strong></span> 
     </span>
     <span class='ocr_line' id='line_1_12' title="bbox 264 1476 1315 1552; baseline 0.001 -18"><span class='ocrx_word' id='word_1_100' title='bbox 264 1476 356 1548; x_wconf 88' lang='lat' dir='ltr'><strong>caelo,</strong></span> <span class='ocrx_word' id='word_1_101' title='bbox 370 1485 433 1534; x_wconf 91' lang='lat' dir='ltr'><strong>tum</strong></span> <span class='ocrx_word' id='word_1_102' title='bbox 447 1487 545 1535; x_wconf 91' lang='lat' dir='ltr'><strong>autem</strong></span> <span class='ocrx_word' id='word_1_103' title='bbox 566 1476 655 1552; x_wconf 90' lang='lat' dir='ltr'><strong>signis</strong></span> <span class='ocrx_word' id='word_1_104' title='bbox 672 1476 873 1552; x_wconf 87' lang='lat' dir='ltr'><strong>sideribusque</strong></span> <span class='ocrx_word' id='word_1_105' title='bbox 887 1476 1071 1535; x_wconf 90' lang='lat' dir='ltr'><strong>caelestibus.</strong></span> <span class='ocrx_word' id='word_1_106' title='bbox 1113 1478 1179 1535; x_wconf 90' lang='lat' dir='ltr'><strong>Nec</strong></span> <span class='ocrx_word' id='word_1_107' title='bbox 1194 1476 1315 1535; x_wconf 90' lang='lat' dir='ltr'><strong>audien·</strong></span> 
     </span>
     <span class='ocr_line' id='line_1_13' title="bbox 264 1571 1316 1650; baseline 0 -19"><span class='ocrx_word' id='word_1_108' title='bbox 264 1571 320 1631; x_wconf 91' lang='lat' dir='ltr'><strong>dus</strong></span> <span class='ocrx_word' id='word_1_109' title='bbox 340 1572 402 1630; x_wconf 91' lang='lat' dir='ltr'><strong>eius</strong></span> <span class='ocrx_word' id='word_1_110' title='bbox 423 1572 538 1632; x_wconf 90' lang='lat' dir='ltr'><strong>auditor</strong></span> <span class='ocrx_word' id='word_1_111' title='bbox 552 1574 656 1646; x_wconf 86' lang='lat' dir='ltr'><strong>Strato,</strong></span> <span class='ocrx_word' id='word_1_112' title='bbox 671 1572 695 1631; x_wconf 94' lang='lat' dir='ltr'><strong>is</strong></span> <span class='ocrx_word' id='word_1_113' title='bbox 709 1573 759 1649; x_wconf 91' lang='lat' dir='ltr'><strong>qui</strong></span> <span class='ocrx_word' id='word_1_114' title='bbox 780 1572 917 1650; x_wconf 85' lang='lat' dir='ltr'><strong>physicus</strong></span> <span class='ocrx_word' id='word_1_115' title='bbox 939 1573 1107 1650; x_wconf 90' lang='lat' dir='ltr'><strong>appellatur,</strong></span> <span class='ocrx_word' id='word_1_116' title='bbox 1122 1574 1172 1649; x_wconf 93' lang='lat' dir='ltr'><strong>qui</strong></span> <span class='ocrx_word' id='word_1_117' title='bbox 1194 1591 1316 1632; x_wconf 89' lang='lat' dir='ltr'><strong>omnem</strong></span> 
     </span>
     <span class='ocr_line' id='line_1_14' title="bbox 263 1667 1315 1750; baseline 0 -22"><span class='ocrx_word' id='word_1_118' title='bbox 263 1668 323 1728; x_wconf 84' lang='lat' dir='ltr'><strong>vim</strong></span> <span class='ocrx_word' id='word_1_119' title='bbox 336 1667 464 1729; x_wconf 89' lang='lat' dir='ltr'><strong>divinam</strong></span> <span class='ocrx_word' id='word_1_120' title='bbox 479 1669 509 1728; x_wconf 92' lang='lat' dir='ltr'><strong>in</strong></span> <span class='ocrx_word' id='word_1_121' title='bbox 528 1679 631 1729; x_wconf 90' lang='lat' dir='ltr'><strong>natura</strong></span> <span class='ocrx_word' id='word_1_122' title='bbox 645 1671 730 1729; x_wconf 88' lang='lat' dir='ltr'><strong>sitam</strong></span> <span class='ocrx_word' id='word_1_123' title='bbox 744 1689 808 1730; x_wconf 90' lang='lat' dir='ltr'><strong>esse</strong></span> <span class='ocrx_word' id='word_1_124' title='bbox 822 1679 933 1743; x_wconf 90' lang='lat' dir='ltr'><strong>censet,</strong></span> <span class='ocrx_word' id='word_1_125' title='bbox 947 1689 1023 1747; x_wconf 90' lang='lat' dir='ltr'><strong>quae</strong></span> <span class='ocrx_word' id='word_1_126' title='bbox 1044 1689 1146 1730; x_wconf 87' lang='lat' dir='ltr'><strong>causas</strong></span> <span class='ocrx_word' id='word_1_127' title='bbox 1167 1669 1315 1750; x_wconf 88' lang='lat' dir='ltr'><strong>gignendi,</strong></span> 
     </span>
    </p>
   </div>
   <div class='ocr_carea' id='block_1_3' title="bbox 229 1769 1361 3859">
    <p class='ocr_par' dir='ltr' id='par_1_3' title="bbox 229 1769 1361 3859">
     <span class='ocr_line' id='line_1_15' title="bbox 265 1769 1315 1848; baseline 0.001 -20"><span class='ocrx_word' id='word_1_128' title='bbox 265 1769 401 1848; x_wconf 89' lang='lat' dir='ltr'><strong>augendi,</strong></span> <span class='ocrx_word' id='word_1_129' title='bbox 424 1769 577 1830; x_wconf 91' lang='lat' dir='ltr'><strong>minuendi</strong></span> <span class='ocrx_word' id='word_1_130' title='bbox 604 1769 720 1843; x_wconf 87' lang='lat' dir='ltr'><strong>habeat,</strong></span> <span class='ocrx_word' id='word_1_131' title='bbox 745 1769 799 1830; x_wconf 92' lang='lat' dir='ltr'><strong>sed</strong></span> <span class='ocrx_word' id='word_1_132' title='bbox 823 1779 920 1830; x_wconf 86' lang='lat' dir='ltr'><strong>careat</strong></span> <span class='ocrx_word' id='word_1_133' title='bbox 943 1770 1025 1829; x_wconf 89' lang='lat' dir='ltr'><strong>omni</strong></span> <span class='ocrx_word' id='word_1_134' title='bbox 1049 1788 1136 1830; x_wconf 91' lang='lat' dir='ltr'><strong>sensu</strong></span> <span class='ocrx_word' id='word_1_135' title='bbox 1161 1779 1192 1830; x_wconf 91' lang='lat' dir='ltr'><strong>et</strong></span> <span class='ocrx_word' id='word_1_136' title='bbox 1215 1771 1315 1846; x_wconf 84' lang='lat' dir='ltr'><strong>figura</strong></span> 
     </span>
     <span class='ocr_line' id='line_1_16' title="bbox 229 1847 1361 1954; baseline -0.002 -26"><span class='ocrx_word' id='word_1_137' title='bbox 229 1889 253 1929; x_wconf 71' lang='lat' dir='ltr'><strong>as</strong></span> <span class='ocrx_word' id='word_1_138' title='bbox 265 1869 345 1926; x_wconf 89' lang='lat' dir='ltr'><strong>Zeno</strong></span> <span class='ocrx_word' id='word_1_139' title='bbox 359 1876 466 1939; x_wconf 92' lang='lat' dir='ltr'><strong>autem,</strong></span> <span class='ocrx_word' id='word_1_140' title='bbox 481 1878 514 1926; x_wconf 92' lang='lat' dir='ltr'><strong>ut</strong></span> <span class='ocrx_word' id='word_1_141' title='bbox 527 1867 586 1925; x_wconf 91' lang='lat' dir='ltr'><strong>iam</strong></span> <span class='ocrx_word' id='word_1_142' title='bbox 600 1866 638 1926; x_wconf 90' lang='lat' dir='ltr'><strong>ad</strong></span> <span class='ocrx_word' id='word_1_143' title='bbox 652 1877 772 1939; x_wconf 87' lang='lat' dir='ltr'><strong>vestros,</strong></span> <span class='ocrx_word' id='word_1_144' title='bbox 787 1853 893 1938; x_wconf 76' lang='lat' dir='ltr'><strong>Balbe,</strong></span> <span class='ocrx_word' id='word_1_145' title='bbox 902 1867 1027 1940; x_wconf 89' lang='lat' dir='ltr'><strong>veniam,</strong></span> <span class='ocrx_word' id='word_1_146' title='bbox 1041 1869 1202 1926; x_wconf 85' lang='lat' dir='ltr'><strong>naturalem</strong></span> <span class='ocrx_word' id='word_1_147' title='bbox 1220 1847 1361 1954; x_wconf 52' lang='lat' dir='ltr'><strong>legemss‘</strong></span> 
     </span>
     <span class='ocr_line' id='line_1_17' title="bbox 265 1961 1334 2057; baseline 0 -35"><span class='ocrx_word' id='word_1_148' title='bbox 265 1961 394 2022; x_wconf 88' lang='lat' dir='ltr'><strong>divinam</strong></span> <span class='ocrx_word' id='word_1_149' title='bbox 418 1981 482 2022; x_wconf 91' lang='lat' dir='ltr'><strong>esse</strong></span> <span class='ocrx_word' id='word_1_150' title='bbox 506 1972 616 2035; x_wconf 90' lang='lat' dir='ltr'><strong>censet,</strong></span> <span class='ocrx_word' id='word_1_151' title='bbox 638 1981 763 2039; x_wconf 90' lang='lat' dir='ltr'><strong>eamque</strong></span> <span class='ocrx_word' id='word_1_152' title='bbox 783 1963 843 2021; x_wconf 91' lang='lat' dir='ltr'><strong>vim</strong></span> <span class='ocrx_word' id='word_1_153' title='bbox 867 1962 1005 2047; x_wconf 73' lang='lat' dir='ltr'><strong>obtinere,</strong></span> <span class='ocrx_word' id='word_1_154' title='bbox 1020 1973 1102 2022; x_wconf 85' lang='lat' dir='ltr'><strong>recta</strong></span> <span class='ocrx_word' id='word_1_155' title='bbox 1125 1963 1316 2038; x_wconf 89' lang='lat' dir='ltr'><strong>imperantem</strong></span> <span class='ocrx_word' id='word_1_156' title='bbox 1320 2017 1334 2057; x_wconf 51' lang='grc' dir='ltr'><em>Ι</em></span> 
     </span>
     <span class='ocr_line' id='line_1_18' title="bbox 264 2050 1317 2150; baseline 0.003 -34"><span class='ocrx_word' id='word_1_157' title='bbox 264 2057 528 2134; x_wconf 90' lang='lat' dir='ltr'><strong>prohibentemque</strong></span> <span class='ocrx_word' id='word_1_158' title='bbox 544 2058 696 2117; x_wconf 84' lang='lat' dir='ltr'><strong>contraria.</strong></span> <span class='ocrx_word' id='word_1_159' title='bbox 739 2050 948 2150; x_wconf 60' lang='lat' dir='ltr'><strong>anlegem</strong></span> <span class='ocrx_word' id='word_1_160' title='bbox 959 2076 1019 2133; x_wconf 94' lang='lat' dir='ltr'><strong>quo</strong></span> <span class='ocrx_word' id='word_1_161' title='bbox 1029 2057 1121 2117; x_wconf 92' lang='lat' dir='ltr'><strong>modo</strong></span> <span class='ocrx_word' id='word_1_162' title='bbox 1134 2059 1242 2117; x_wconf 87' lang='lat' dir='ltr'><strong>efficiat</strong></span> <span class='ocrx_word' id='word_1_163' title='bbox 1255 2060 1317 2119; x_wconf 92' lang='lat' dir='ltr'><strong>ani-</strong></span> 
     </span>
     <span class='ocr_line' id='line_1_19' title="bbox 266 2152 1317 2230; baseline 0 -17"><span class='ocrx_word' id='word_1_164' title='bbox 266 2163 405 2226; x_wconf 90' lang='lat' dir='ltr'><strong>mantem,</strong></span> <span class='ocrx_word' id='word_1_165' title='bbox 427 2154 593 2230; x_wconf 83' lang='lat' dir='ltr'><strong>intellegere</strong></span> <span class='ocrx_word' id='word_1_166' title='bbox 617 2172 678 2212; x_wconf 92' lang='lat' dir='ltr'><strong>non</strong></span> <span class='ocrx_word' id='word_1_167' title='bbox 702 2171 876 2229; x_wconf 83' lang='lat' dir='ltr'><strong>possumus3</strong></span> <span class='ocrx_word' id='word_1_168' title='bbox 904 2152 994 2213; x_wconf 91' lang='lat' dir='ltr'><strong>deum</strong></span> <span class='ocrx_word' id='word_1_169' title='bbox 1017 2161 1116 2212; x_wconf 90' lang='lat' dir='ltr'><strong>autem</strong></span> <span class='ocrx_word' id='word_1_170' title='bbox 1138 2153 1317 2213; x_wconf 86' lang='lat' dir='ltr'><strong>animantem</strong></span> 
     </span>
     <span class='ocr_line' id='line_1_20' title="bbox 266 2249 1318 2325; baseline 0 -16"><span class='ocrx_word' id='word_1_171' title='bbox 266 2261 344 2310; x_wconf 89' lang='lat' dir='ltr'><strong>certe</strong></span> <span class='ocrx_word' id='word_1_172' title='bbox 358 2251 491 2310; x_wconf 90' lang='lat' dir='ltr'><strong>volumus</strong></span> <span class='ocrx_word' id='word_1_173' title='bbox 512 2269 586 2309; x_wconf 89' lang='lat' dir='ltr'><strong>esse.</strong></span> <span class='ocrx_word' id='word_1_174' title='bbox 627 2252 725 2325; x_wconf 89' lang='lat' dir='ltr'><strong>Atque</strong></span> <span class='ocrx_word' id='word_1_175' title='bbox 749 2249 809 2308; x_wconf 91' lang='lat' dir='ltr'><strong>hic-</strong></span> <span class='ocrx_word' id='word_1_176' title='bbox 822 2249 903 2310; x_wconf 91' lang='lat' dir='ltr'><strong>idem</strong></span> <span class='ocrx_word' id='word_1_177' title='bbox 924 2250 981 2308; x_wconf 89' lang='lat' dir='ltr'><strong>alio</strong></span> <span class='ocrx_word' id='word_1_178' title='bbox 1003 2250 1070 2309; x_wconf 93' lang='lat' dir='ltr'><strong>loco</strong></span> <span class='ocrx_word' id='word_1_179' title='bbox 1092 2251 1211 2309; x_wconf 88' lang='lat' dir='ltr'><strong>aethera</strong></span> <span class='ocrx_word' id='word_1_180' title='bbox 1227 2250 1318 2311; x_wconf 91' lang='lat' dir='ltr'><strong>deum</strong></span> 
     </span>
     <span class='ocr_line' id='line_1_21' title="bbox 229 2345 1318 2422; baseline -0.001 -16"><span class='ocrx_word' id='word_1_181' title='bbox 229 2371 255 2398; x_wconf 74' lang='grc' dir='ltr'><strong><em>ω</em></strong></span> <span class='ocrx_word' id='word_1_182' title='bbox 267 2345 347 2418; x_wconf 91' lang='lat' dir='ltr'><strong>dicit,</strong></span> <span class='ocrx_word' id='word_1_183' title='bbox 361 2347 386 2406; x_wconf 92' lang='lat' dir='ltr'><strong>si</strong></span> <span class='ocrx_word' id='word_1_184' title='bbox 399 2347 526 2422; x_wconf 88' lang='lat' dir='ltr'><strong>intellegi</strong></span> <span class='ocrx_word' id='word_1_185' title='bbox 540 2354 637 2422; x_wconf 91' lang='lat' dir='ltr'><strong>potest</strong></span> <span class='ocrx_word' id='word_1_186' title='bbox 651 2345 722 2404; x_wconf 91' lang='lat' dir='ltr'><strong>nihil</strong></span> <span class='ocrx_word' id='word_1_187' title='bbox 741 2346 869 2405; x_wconf 90' lang='lat' dir='ltr'><strong>sentiens</strong></span> <span class='ocrx_word' id='word_1_188' title='bbox 883 2345 966 2416; x_wconf 89' lang='lat' dir='ltr'><strong>deus,</strong></span> <span class='ocrx_word' id='word_1_189' title='bbox 981 2347 1031 2421; x_wconf 92' lang='lat' dir='ltr'><strong>qui</strong></span> <span class='ocrx_word' id='word_1_190' title='bbox 1050 2364 1211 2422; x_wconf 90' lang='lat' dir='ltr'><strong>numquam</strong></span> <span class='ocrx_word' id='word_1_191' title='bbox 1232 2347 1318 2407; x_wconf 88' lang='lat' dir='ltr'><strong>nobis</strong></span> 
     </span>
     <span class='ocr_line' id='line_1_22' title="bbox 236 2440 1334 2517; baseline 0.002 -17"><span class='ocrx_word' id='word_1_192' title='bbox 236 2486 238 2490; x_wconf 15' lang='grc' dir='ltr'><em>Α</em></span> <span class='ocrx_word' id='word_1_193' title='bbox 266 2442 392 2500; x_wconf 89' lang='lat' dir='ltr'><strong>occurrit</strong></span> <span class='ocrx_word' id='word_1_194' title='bbox 405 2460 500 2516; x_wconf 92' lang='lat' dir='ltr'><strong>neque</strong></span> <span class='ocrx_word' id='word_1_195' title='bbox 515 2440 545 2500; x_wconf 92' lang='lat' dir='ltr'><strong>in</strong></span> <span class='ocrx_word' id='word_1_196' title='bbox 559 2441 694 2517; x_wconf 91' lang='lat' dir='ltr'><strong>precibus</strong></span> <span class='ocrx_word' id='word_1_197' title='bbox 708 2459 807 2516; x_wconf 90' lang='lat' dir='ltr'><strong>neque</strong></span> <span class='ocrx_word' id='word_1_198' title='bbox 821 2441 852 2499; x_wconf 94' lang='lat' dir='ltr'><strong>in</strong></span> <span class='ocrx_word' id='word_1_199' title='bbox 865 2440 972 2516; x_wconf 85' lang='lat' dir='ltr'><strong>optatis</strong></span> <span class='ocrx_word' id='word_1_200' title='bbox 985 2459 1083 2515; x_wconf 90' lang='lat' dir='ltr'><strong>neque</strong></span> <span class='ocrx_word' id='word_1_201' title='bbox 1098 2441 1128 2500; x_wconf 92' lang='lat' dir='ltr'><strong>in</strong></span> <span class='ocrx_word' id='word_1_202' title='bbox 1142 2443 1216 2502; x_wconf 88' lang='lat' dir='ltr'><strong>votis</strong></span> <span class='ocrx_word' id='word_1_203' title='bbox 1222 2462 1235 2514; x_wconf 89' lang='lat'><strong>·;</strong></span> <span class='ocrx_word' id='word_1_204' title='bbox 1257 2443 1334 2502; x_wconf 91' lang='lat' dir='ltr'><strong>aliis·</strong></span> 
     </span>
     <span class='ocr_line' id='line_1_23' title="bbox 266 2535 1317 2613; baseline 0.001 -18"><span class='ocrx_word' id='word_1_205' title='bbox 266 2546 365 2595; x_wconf 90' lang='lat' dir='ltr'><strong>autem</strong></span> <span class='ocrx_word' id='word_1_206' title='bbox 378 2536 455 2595; x_wconf 86' lang='lat' dir='ltr'><strong>libris</strong></span> <span class='ocrx_word' id='word_1_207' title='bbox 468 2537 611 2595; x_wconf 90' lang='lat' dir='ltr'><strong>rationem</strong></span> <span class='ocrx_word' id='word_1_208' title='bbox 625 2535 774 2612; x_wconf 88' lang='lat' dir='ltr'><strong>quandam</strong></span> <span class='ocrx_word' id='word_1_209' title='bbox 794 2553 980 2613; x_wconf 90' lang='lat' dir='ltr'><strong>peromnem</strong></span> <span class='ocrx_word' id='word_1_210' title='bbox 994 2545 1127 2595; x_wconf 89' lang='lat' dir='ltr'><strong>naturam</strong></span> <span class='ocrx_word' id='word_1_211' title='bbox 1140 2556 1238 2596; x_wconf 89' lang='lat' dir='ltr'><strong>rerum</strong></span> <span class='ocrx_word' id='word_1_212' title='bbox 1251 2557 1317 2613; x_wconf 89' lang='lat' dir='ltr'><strong>per·</strong></span> 
     </span>
     <span class='ocr_line' id='line_1_24' title="bbox 266 2624 1317 2707; baseline 0.001 -17"><span class='ocrx_word' id='word_1_213' title='bbox 266 2632 407 2691; x_wconf 91' lang='lat' dir='ltr'><strong>tinentem</strong></span> <span class='ocrx_word' id='word_1_214' title='bbox 419 2632 448 2690; x_wconf 86' lang='lat' dir='ltr'><strong>vi</strong></span> <span class='ocrx_word' id='word_1_215' title='bbox 462 2630 561 2690; x_wconf 89' lang='lat' dir='ltr'><strong>divina</strong></span> <span class='ocrx_word' id='word_1_216' title='bbox 574 2624 637 2690; x_wconf 78' lang='lat' dir='ltr'><strong>es&#39;se</strong></span> <span class='ocrx_word' id='word_1_217' title='bbox 651 2631 799 2690; x_wconf 79' lang='lat' dir='ltr'><strong>adfectam</strong></span> <span class='ocrx_word' id='word_1_218' title='bbox 819 2639 910 2707; x_wconf 90' lang='lat' dir='ltr'><strong>putat.</strong></span> <span class='ocrx_word' id='word_1_219' title='bbox 952 2629 1038 2690; x_wconf 92' lang='lat' dir='ltr'><strong>Idem</strong></span> <span class='ocrx_word' id='word_1_220' title='bbox 1059 2632 1141 2691; x_wconf 91' lang='lat' dir='ltr'><strong>astris</strong></span> <span class='ocrx_word' id='word_1_221' title='bbox 1162 2632 1221 2692; x_wconf 93' lang='lat' dir='ltr'><strong>hoc</strong></span> <span class='ocrx_word' id='word_1_222' title='bbox 1236 2632 1317 2691; x_wconf 91' lang='lat' dir='ltr'><strong>idem</strong></span> 
     </span>
     <span class='ocr_line' id='line_1_25' title="bbox 266 2726 1318 2801; baseline 0.002 -15"><span class='ocrx_word' id='word_1_223' title='bbox 266 2727 372 2799; x_wconf 88' lang='lat' dir='ltr'><strong>tribuit,</strong></span> <span class='ocrx_word' id='word_1_224' title='bbox 386 2735 449 2786; x_wconf 92' lang='lat' dir='ltr'><strong>tum</strong></span> <span class='ocrx_word' id='word_1_225' title='bbox 469 2727 561 2799; x_wconf 92' lang='lat' dir='ltr'><strong>annis,</strong></span> <span class='ocrx_word' id='word_1_226' title='bbox 583 2726 732 2785; x_wconf 90' lang='lat' dir='ltr'><strong>mensibus</strong></span> <span class='ocrx_word' id='word_1_227' title='bbox 752 2744 955 2801; x_wconf 89' lang='lat' dir='ltr'><strong>annorumque</strong></span> <span class='ocrx_word' id='word_1_228' title='bbox 978 2726 1197 2787; x_wconf 90' lang='lat' dir='ltr'><strong>mutationibus.</strong></span> <span class='ocrx_word' id='word_1_229' title='bbox 1239 2730 1318 2788; x_wconf 90' lang='lat' dir='ltr'><strong>Cum</strong></span> 
     </span>
     <span class='ocr_line' id='line_1_26' title="bbox 230 2821 1317 2902; baseline 0.003 -22"><span class='ocrx_word' id='word_1_230' title='bbox 230 2849 254 2890; x_wconf 66' lang='grc' dir='ltr'><strong>ις</strong></span> <span class='ocrx_word' id='word_1_231' title='bbox 266 2841 335 2883; x_wconf 88' lang='lat' dir='ltr'><strong>vero</strong></span> <span class='ocrx_word' id='word_1_232' title='bbox 351 2823 478 2882; x_wconf 89' lang='lat' dir='ltr'><strong>Hesiodi</strong></span> <span class='ocrx_word' id='word_1_233' title='bbox 498 2824 687 2899; x_wconf 87' lang='lat' dir='ltr'><strong>theogoniam</strong></span> <span class='ocrx_word' id='word_1_234' title='bbox 705 2821 752 2902; x_wconf 93' lang='lat' dir='ltr'><strong>[id</strong></span> <span class='ocrx_word' id='word_1_235' title='bbox 766 2825 811 2882; x_wconf 86' lang='lat' dir='ltr'><strong>est</strong></span> <span class='ocrx_word' id='word_1_236' title='bbox 824 2823 967 2899; x_wconf 91' lang='lat' dir='ltr'><strong>originem</strong></span> <span class='ocrx_word' id='word_1_237' title='bbox 981 2821 1122 2902; x_wconf 91' lang='lat' dir='ltr'><strong>deorum]</strong></span> <span class='ocrx_word' id='word_1_238' title='bbox 1147 2823 1317 2900; x_wconf 88' lang='lat' dir='ltr'><strong>interpreta-</strong></span> 
     </span>
     <span class='ocr_line' id='line_1_27' title="bbox 267 2919 1318 3009; baseline 0.002 -31"><span class='ocrx_word' id='word_1_239' title='bbox 267 2927 321 2992; x_wconf 93' lang='lat' dir='ltr'><strong>tur,</strong></span> <span class='ocrx_word' id='word_1_240' title='bbox 341 2920 416 3009; x_wconf 77' lang='lat' dir='ltr'><strong>tollit</strong></span> <span class='ocrx_word' id='word_1_241' title='bbox 439 2921 561 2978; x_wconf 91' lang='lat' dir='ltr'><strong>omnino</strong></span> <span class='ocrx_word' id='word_1_242' title='bbox 583 2921 701 2979; x_wconf 88' lang='lat' dir='ltr'><strong>usitatas</strong></span> <span class='ocrx_word' id='word_1_243' title='bbox 729 2929 940 2997; x_wconf 89' lang='lat' dir='ltr'><strong>perceptasque</strong></span> <span class='ocrx_word' id='word_1_244' title='bbox 965 2919 1149 2995; x_wconf 87' lang='lat' dir='ltr'><strong>cognitiones</strong></span> <span class='ocrx_word' id='word_1_245' title='bbox 1174 2919 1318 2993; x_wconf 81' lang='lat' dir='ltr'><strong>deorum3</strong></span> 
     </span>
     <span class='ocr_line' id='line_1_28' title="bbox 245 3017 1319 3093; baseline 0.001 -18"><span class='ocrx_word' id='word_1_246' title='bbox 245 3042 248 3046; x_wconf 20' lang='grc' dir='ltr'><strong>Δ</strong></span> <span class='ocrx_word' id='word_1_247' title='bbox 267 3017 456 3093; x_wconf 90' lang='lat' dir='ltr'><strong>nequeenim</strong></span> <span class='ocrx_word' id='word_1_248' title='bbox 472 3018 574 3076; x_wconf 88' lang='lat' dir='ltr'><strong>Iovem</strong></span> <span class='ocrx_word' id='word_1_249' title='bbox 587 3035 685 3093; x_wconf 90' lang='lat' dir='ltr'><strong>neque</strong></span> <span class='ocrx_word' id='word_1_250' title='bbox 700 3018 846 3076; x_wconf 91' lang='lat' dir='ltr'><strong>Iunonem</strong></span> <span class='ocrx_word' id='word_1_251' title='bbox 859 3034 957 3091; x_wconf 91' lang='lat' dir='ltr'><strong>neque</strong></span> <span class='ocrx_word' id='word_1_252' title='bbox 972 3017 1095 3074; x_wconf 90' lang='lat' dir='ltr'><strong>Vestam</strong></span> <span class='ocrx_word' id='word_1_253' title='bbox 1105 3035 1202 3092; x_wconf 90' lang='lat' dir='ltr'><strong>neque</strong></span> <span class='ocrx_word' id='word_1_254' title='bbox 1217 3036 1319 3092; x_wconf 91' lang='lat' dir='ltr'><strong>quem-</strong></span> 
     </span>
     <span class='ocr_line' id='line_1_29' title="bbox 267 3111 1319 3190; baseline 0.003 -20"><span class='ocrx_word' id='word_1_255' title='bbox 267 3131 364 3189; x_wconf 89' lang='lat' dir='ltr'><strong>quam,</strong></span> <span class='ocrx_word' id='word_1_256' title='bbox 379 3112 430 3189; x_wconf 93' lang='lat' dir='ltr'><strong>qui</strong></span> <span class='ocrx_word' id='word_1_257' title='bbox 453 3113 494 3172; x_wconf 90' lang='lat' dir='ltr'><strong>ita</strong></span> <span class='ocrx_word' id='word_1_258' title='bbox 515 3113 685 3190; x_wconf 90' lang='lat' dir='ltr'><strong>appelletur,</strong></span> <span class='ocrx_word' id='word_1_259' title='bbox 699 3112 729 3172; x_wconf 94' lang='lat' dir='ltr'><strong>in</strong></span> <span class='ocrx_word' id='word_1_260' title='bbox 752 3111 875 3172; x_wconf 90' lang='lat' dir='ltr'><strong>deorum</strong></span> <span class='ocrx_word' id='word_1_261' title='bbox 899 3111 988 3171; x_wconf 90' lang='lat' dir='ltr'><strong>habet</strong></span> <span class='ocrx_word' id='word_1_262' title='bbox 1011 3129 1145 3185; x_wconf 91' lang='lat' dir='ltr'><strong>numero,</strong></span> <span class='ocrx_word' id='word_1_263' title='bbox 1161 3111 1215 3172; x_wconf 90' lang='lat' dir='ltr'><strong>sed</strong></span> <span class='ocrx_word' id='word_1_264' title='bbox 1232 3114 1319 3173; x_wconf 90' lang='lat' dir='ltr'><strong>rebus</strong></span> 
     </span>
     <span class='ocr_line' id='line_1_30' title="bbox 267 3201 1321 3291; baseline 0.001 -23"><span class='ocrx_word' id='word_1_265' title='bbox 267 3207 401 3275; x_wconf 87' lang='lat' dir='ltr'><strong>inanimis</strong></span> <span class='ocrx_word' id='word_1_266' title='bbox 419 3201 509 3285; x_wconf 89' lang='lat' dir='ltr'><strong>atque</strong></span> <span class='ocrx_word' id='word_1_267' title='bbox 531 3210 617 3268; x_wconf 91' lang='lat' dir='ltr'><strong>mutis</strong></span> <span class='ocrx_word' id='word_1_268' title='bbox 637 3227 691 3286; x_wconf 90' lang='lat' dir='ltr'><strong>per</strong></span> <span class='ocrx_word' id='word_1_269' title='bbox 704 3208 852 3291; x_wconf 79' lang='lat' dir='ltr'><strong>quandam</strong></span> <span class='ocrx_word' id='word_1_270' title='bbox 874 3208 1117 3284; x_wconf 90' lang='lat' dir='ltr'><strong>significationem</strong></span> <span class='ocrx_word' id='word_1_271' title='bbox 1140 3208 1215 3268; x_wconf 91' lang='lat' dir='ltr'><strong>haec</strong></span> <span class='ocrx_word' id='word_1_272' title='bbox 1231 3208 1321 3269; x_wconf 90' lang='lat' dir='ltr'><strong>docet</strong></span> 
     </span>
     <span class='ocr_line' id='line_1_31' title="bbox 230 3304 1359 3382; baseline 0.001 -18"><span class='ocrx_word' id='word_1_273' title='bbox 230 3305 374 3371; x_wconf 60' lang='lat' dir='ltr'><strong>atributa</strong></span> <span class='ocrx_word' id='word_1_274' title='bbox 386 3306 521 3366; x_wconf 80' lang='lat' dir='ltr'><strong>nomina·</strong></span> <span class='ocrx_word' id='word_1_275' title='bbox 558 3306 650 3366; x_wconf 86' lang='lat' dir='ltr'><strong>Cuius</strong></span> <span class='ocrx_word' id='word_1_276' title='bbox 664 3305 799 3382; x_wconf 91' lang='lat' dir='ltr'><strong>discipuli</strong></span> <span class='ocrx_word' id='word_1_277' title='bbox 813 3305 955 3364; x_wconf 89' lang='lat' dir='ltr'><strong>Aristonis</strong></span> <span class='ocrx_word' id='word_1_278' title='bbox 969 3323 1030 3363; x_wconf 91' lang='lat' dir='ltr'><strong>non</strong></span> <span class='ocrx_word' id='word_1_279' title='bbox 1052 3304 1154 3364; x_wconf 88' lang='lat' dir='ltr'><strong>minus</strong></span> <span class='ocrx_word' id='word_1_280' title='bbox 1168 3323 1276 3382; x_wconf 88' lang='lat' dir='ltr'><strong>magno</strong></span> <span class='ocrx_word' id='word_1_281' title='bbox 1291 3307 1359 3365; x_wconf 81' lang='lat' dir='ltr'><strong>inor</strong></span> 
     </span>
     <span class='ocr_line' id='line_1_32' title="bbox 232 3400 1322 3476; baseline 0.001 -18"><span class='ocrx_word' id='word_1_282' title='bbox 232 3437 236 3443; x_wconf 68' lang='grc'><strong>«</strong></span> <span class='ocrx_word' id='word_1_283' title='bbox 269 3419 363 3459; x_wconf 90' lang='lat' dir='ltr'><strong>errore</strong></span> <span class='ocrx_word' id='word_1_284' title='bbox 377 3403 521 3460; x_wconf 89' lang='lat' dir='ltr'><strong>sententia</strong></span> <span class='ocrx_word' id='word_1_285' title='bbox 541 3411 594 3473; x_wconf 91' lang='lat' dir='ltr'><strong>est,</strong></span> <span class='ocrx_word' id='word_1_286' title='bbox 609 3401 660 3476; x_wconf 92' lang='lat' dir='ltr'><strong>qui</strong></span> <span class='ocrx_word' id='word_1_287' title='bbox 680 3419 777 3476; x_wconf 91' lang='lat' dir='ltr'><strong>neque</strong></span> <span class='ocrx_word' id='word_1_288' title='bbox 792 3401 915 3459; x_wconf 82' lang='lat' dir='ltr'><strong>sormam</strong></span> <span class='ocrx_word' id='word_1_289' title='bbox 929 3400 978 3459; x_wconf 92' lang='lat' dir='ltr'><strong>dei</strong></span> <span class='ocrx_word' id='word_1_290' title='bbox 1000 3401 1129 3476; x_wconf 86' lang='lat' dir='ltr'><strong>intellegi</strong></span> <span class='ocrx_word' id='word_1_291' title='bbox 1152 3419 1239 3476; x_wconf 90' lang='lat' dir='ltr'><strong>posse</strong></span> <span class='ocrx_word' id='word_1_292' title='bbox 1254 3420 1322 3459; x_wconf 91' lang='lat' dir='ltr'><strong>cen·</strong></span> 
     </span>
     <span class='ocr_line' id='line_1_33' title="bbox 269 3495 1322 3572; baseline 0 -18"><span class='ocrx_word' id='word_1_293' title='bbox 269 3506 331 3555; x_wconf 91' lang='lat' dir='ltr'><strong>seat</strong></span> <span class='ocrx_word' id='word_1_294' title='bbox 346 3514 443 3572; x_wconf 91' lang='lat' dir='ltr'><strong>neque</strong></span> <span class='ocrx_word' id='word_1_295' title='bbox 464 3498 494 3555; x_wconf 96' lang='lat' dir='ltr'><strong>in</strong></span> <span class='ocrx_word' id='word_1_296' title='bbox 508 3497 572 3557; x_wconf 91' lang='lat' dir='ltr'><strong>deis</strong></span> <span class='ocrx_word' id='word_1_297' title='bbox 593 3515 711 3555; x_wconf 92' lang='lat' dir='ltr'><strong>sensum</strong></span> <span class='ocrx_word' id='word_1_298' title='bbox 732 3515 796 3555; x_wconf 90' lang='lat' dir='ltr'><strong>esse</strong></span> <span class='ocrx_word' id='word_1_299' title='bbox 811 3495 890 3554; x_wconf 88' lang='lat' dir='ltr'><strong>dicat</strong></span> <span class='ocrx_word' id='word_1_300' title='bbox 905 3495 1077 3571; x_wconf 91' lang='lat' dir='ltr'><strong>dubitetque</strong></span> <span class='ocrx_word' id='word_1_301' title='bbox 1101 3498 1233 3568; x_wconf 90' lang='lat' dir='ltr'><strong>omnino,</strong></span> <span class='ocrx_word' id='word_1_302' title='bbox 1248 3497 1322 3555; x_wconf 84' lang='lat' dir='ltr'><strong>deus</strong></span> 
     </span>
     <span class='ocr_line' id='line_1_34' title="bbox 269 3591 1323 3666; baseline 0 -16"><span class='ocrx_word' id='word_1_303' title='bbox 269 3593 401 3650; x_wconf 90' lang='lat' dir='ltr'><strong>animans</strong></span> <span class='ocrx_word' id='word_1_304' title='bbox 420 3611 515 3652; x_wconf 88' lang='lat' dir='ltr'><strong>necne</strong></span> <span class='ocrx_word' id='word_1_305' title='bbox 529 3593 575 3651; x_wconf 92' lang='lat' dir='ltr'><strong>sit.</strong></span> <span class='ocrx_word' id='word_1_306' title='bbox 617 3591 775 3652; x_wconf 89' lang='lat' dir='ltr'><strong>Cleanthes</strong></span> <span class='ocrx_word' id='word_1_307' title='bbox 789 3601 896 3662; x_wconf 89' lang='lat' dir='ltr'><strong>autem,</strong></span> <span class='ocrx_word' id='word_1_308' title='bbox 912 3592 963 3666; x_wconf 91' lang='lat' dir='ltr'><strong>qui</strong></span> <span class='ocrx_word' id='word_1_309' title='bbox 976 3593 1127 3650; x_wconf 89' lang='lat' dir='ltr'><strong>Zenonem</strong></span> <span class='ocrx_word' id='word_1_310' title='bbox 1141 3591 1251 3651; x_wconf 88' lang='lat' dir='ltr'><strong>audivit</strong></span> <span class='ocrx_word' id='word_1_311' title='bbox 1264 3612 1323 3651; x_wconf 89' lang='lat' dir='ltr'><strong>una</strong></span> 
     </span>
     <span class='ocr_line' id='line_1_35' title="bbox 264 3687 1323 3765; baseline 0 -18"><span class='ocrx_word' id='word_1_312' title='bbox 264 3691 339 3761; x_wconf 82' lang='lat' dir='ltr'><strong>&#39;cum</strong></span> <span class='ocrx_word' id='word_1_313' title='bbox 361 3707 407 3760; x_wconf 92' lang='lat' dir='ltr'><strong>eo,</strong></span> <span class='ocrx_word' id='word_1_314' title='bbox 422 3707 512 3765; x_wconf 90' lang='lat' dir='ltr'><strong>quem</strong></span> <span class='ocrx_word' id='word_1_315' title='bbox 533 3688 665 3764; x_wconf 91' lang='lat' dir='ltr'><strong>proxime</strong></span> <span class='ocrx_word' id='word_1_316' title='bbox 686 3687 843 3759; x_wconf 86' lang='lat' dir='ltr'><strong>nominavi,</strong></span> <span class='ocrx_word' id='word_1_317' title='bbox 863 3696 926 3746; x_wconf 91' lang='lat' dir='ltr'><strong>tum</strong></span> <span class='ocrx_word' id='word_1_318' title='bbox 948 3687 1044 3763; x_wconf 93' lang='lat' dir='ltr'><strong>ipsum</strong></span> <span class='ocrx_word' id='word_1_319' title='bbox 1068 3687 1210 3747; x_wconf 91' lang='lat' dir='ltr'><strong>mundum</strong></span> <span class='ocrx_word' id='word_1_320' title='bbox 1233 3687 1323 3747; x_wconf 91' lang='lat' dir='ltr'><strong>deum</strong></span> 
     </span>
     <span class='ocr_line' id='line_1_36' title="bbox 234 3782 1323 3859; baseline -0.002 -13"><span class='ocrx_word' id='word_1_321' title='bbox 234 3805 259 3846; x_wconf 79' lang='lat' dir='ltr'><strong>as</strong></span> <span class='ocrx_word' id='word_1_322' title='bbox 271 3782 344 3843; x_wconf 92' lang='lat' dir='ltr'><strong>dicit</strong></span> <span class='ocrx_word' id='word_1_323' title='bbox 364 3801 437 3858; x_wconf 91' lang='lat' dir='ltr'><strong>esse,</strong></span> <span class='ocrx_word' id='word_1_324' title='bbox 451 3793 515 3843; x_wconf 92' lang='lat' dir='ltr'><strong>tum</strong></span> <span class='ocrx_word' id='word_1_325' title='bbox 539 3783 628 3844; x_wconf 92' lang='lat' dir='ltr'><strong>totius</strong></span> <span class='ocrx_word' id='word_1_326' title='bbox 651 3792 770 3843; x_wconf 89' lang='lat' dir='ltr'><strong>naturae</strong></span> <span class='ocrx_word' id='word_1_327' title='bbox 794 3782 887 3843; x_wconf 90' lang='lat' dir='ltr'><strong>menti</strong></span> <span class='ocrx_word' id='word_1_328' title='bbox 909 3792 997 3859; x_wconf 90' lang='lat' dir='ltr'><strong>atque</strong></span> <span class='ocrx_word' id='word_1_329' title='bbox 1021 3783 1120 3843; x_wconf 90' lang='lat' dir='ltr'><strong>animo</strong></span> <span class='ocrx_word' id='word_1_330' title='bbox 1144 3784 1242 3844; x_wconf 89' lang='lat' dir='ltr'><strong>tribuit</strong></span> <span class='ocrx_word' id='word_1_331' title='bbox 1265 3784 1323 3844; x_wconf 91' lang='lat' dir='ltr'><strong>hoc</strong></span> 
     </span>
    </p>
   </div>
   <div class='ocr_carea' id='block_1_4' title="bbox 0 0 1482 4364">
    <p class='ocr_par' dir='ltr' id='par_1_4' title="bbox 0 0 1482 4364">
     <span class='ocr_line' id='line_1_37' title="bbox 0 0 1482 4364; baseline 0 0"><span class='ocrx_word' id='word_1_332' title='bbox 0 0 1482 4364; x_wconf 95' lang='lat' dir='ltr'><strong> </strong></span> 
     </span>
    </p>
   </div>
  </div>
 </body>
</html>
