2932 4364
478 396 543 445 mu.
556 395 591 446 11.
625 396 686 446 cn.
699 395 825 446 nr-L111.
859 397 890 460 §s
906 395 1024 460 128-132.
1127 465 1129 470 .
1215 397 1270 446 121

223 550 322 609 locum
342 558 373 609 et
393 548 500 608 cubilia
513 549 566 608 sibi
582 548 727 624 nidosque
742 558 913 608 construunt
927 567 1036 630 eosque
1051 568 1138 625 quam
1153 560 1276 626 possunt
1335 581 1337 587 s

224 647 401 703 mollissume
415 645 610 715 substernunt,
622 653 654 702 ut
667 663 756 720 quam
770 645 914 703 facillume
928 662 984 703 ova
997 655 1165 718 serventur;
1184 664 1200 703 e
1212 647 1274 722 qui-

224 742 279 799 bus
300 740 394 816 pullos
415 759 484 798 cum
499 739 689 811 excuderunt,
704 741 744 798 ita
757 749 882 810 tuentur,
897 750 929 799 ut
943 750 972 798 et
986 741 1082 815 pinnis
1096 736 1222 813 foveant,
1236 735 1294 800 ne‘

225 837 328 912 frigore
351 835 511 907 laedantur,
534 848 572 906 et,
595 837 619 894 si
642 845 687 894 est
708 837 788 894 calor
810 854 828 892 a
849 837 920 907 sole,
942 855 973 894 se
994 848 1156 911 opponant.
1188 839 1274 897 Cum

193 942 322 1006 sautem
346 931 416 1007 pulli
441 932 568 1007 pinnulis
592 931 634 989 uti
658 940 789 1006 possunt,
815 939 877 989 turn
901 932 1013 989 volatus
1041 950 1142 990 eorum
1170 943 1274 992 matres

224 1037 446 1102 prosequuntur,
461 1028 572 1103 reliqua
584 1045 655 1084 cura
669 1028 832 1085 liberantur.
864 1027 989 1086 Accedit
1004 1027 1042 1086 ad
1056 1047 1117 1086 non
1131 1029 1274 1087 nullorum
1282 1053 1319 1094 ιω
1340 1047 1349 1077 f·

224 1123 413 1181 animantium
434 1132 464 1181 et
485 1141 584 1181 earum
605 1141 710 1193 rerum,
725 1141 797 1197 quas
818 1133 893 1180 terra
907 1123 1008 1198 gignit,
1023 1125 1274 1183 conservationem

225 1229 254 1277 et
274 1219 397 1278 salutem
418 1219 570 1277 hominum
589 1219 677 1276 etiam
690 1219 816 1276 sollertia
830 1227 859 1276 et
873 1218 1032 1295 diligentia,
1073 1221 1158 1281 Nam
1167 1221 1274 1278 multae

224 1324 254 1373 et
275 1313 407 1390 pecudes
429 1325 459 1372 et
481 1315 584 1388 stirpes
606 1324 682 1385 sunt,
705 1331 780 1388 quae
805 1315 867 1371 sine
892 1315 1096 1388 procuratione
1121 1314 1274 1373 hominum

188 1438 213 1465 ιο
224 1409 318 1469 salvae
332 1428 398 1469 esse
412 1429 472 1469 non
491 1419 621 1485 possunt.
665 1411 791 1485 Magnae
813 1409 901 1468 etiam
921 1411 1133 1485 oportunitates
1152 1411 1192 1469 ad
1213 1410 1272 1469 cul-

224 1516 287 1564 tum
301 1506 453 1565 hominum
467 1517 554 1582 atque
568 1505 778 1564 abundantiam
792 1506 864 1565 aliae
879 1506 940 1564 aliis
954 1506 984 1564 in
998 1505 1070 1565 locis
1084 1507 1273 1581 reperiuntur.

223 1605 389 1679 Aegyptum
404 1603 487 1662 Nilus
503 1603 606 1679 inrigat
620 1612 658 1674 et,
673 1620 743 1661 cum
756 1612 818 1662 tota
831 1612 941 1662 aestate
962 1603 1095 1663 obmtam
1109 1604 1274 1680 oppletam·

225 1720 283 1778 que
297 1701 401 1773 tenuit,
413 1709 476 1759 tum
490 1700 602 1758 recedit
616 1700 799 1777 mollitosque
814 1710 844 1760 et
857 1700 1012 1760 oblimatos
1026 1719 1110 1778 agros
1123 1700 1162 1760 ad
1176 1720 1274 1760 seren·

225 1797 298 1858 dum
324 1798 468 1874 relinquit.
512 1798 758 1874 Mesopotamiam
786 1797 908 1857 fertilem
934 1798 1023 1858 efficit
1047 1799 1219 1874 Euphrates,
1245 1799 1274 1858 iu

188 1921 212 1961 ις
225 1915 313 1973 quam
334 1906 406 1972 quot
427 1914 519 1954 annos
540 1896 623 1970 quasi
643 1913 736 1954 novos
757 1914 841 1971 agros
862 1895 981 1954 invehit.
1023 1894 1116 1955 Indus
1128 1909 1211 1968 vero,
1226 1897 1276 1973 qui

225 2004 269 2052 est
283 1993 415 2052 omnium
429 1985 580 2051 fluminum
595 1993 747 2064 maximus,
763 2011 823 2051 non
837 2011 914 2068 aqua
928 1993 1022 2051 solum
1038 2013 1123 2069 agros
1139 1994 1277 2053 laetificat

225 2098 256 2147 et
269 2090 389 2164 mitigat,
403 2087 457 2146 sed
472 2091 523 2146 e'os
539 2090 626 2146 etiam
641 2089 787 2161 conserit3
809 2107 945 2164 magnam
959 2090 1038 2148 enim
1053 2091 1111 2148 vim
1132 2091 1277 2149 seminum

225 2204 325 2246 secum
347 2185 482 2244 lrumenti
503 2186 640 2244 similium
662 2184 768 2244 dicitur
789 2183 952 2260 deportare.
996 2187 1147 2262 Multaque
1169 2187 1226 2245 alia
1247 2188 1320 2248 iuuu

225 2283 286 2340 aliis
300 2282 371 2340 locis
386 2283 656 2341 commemorabilia
669 2276 796 2357 proferre
811 2300 940 2357 possum,
953 2283 1058 2341 multos
1072 2282 1179 2342 fertiles
1193 2302 1277 2359 agros

188 2401 213 2428 ω
226 2379 297 2437 alios
321 2379 442 2437 aliorum
471 2379 624 2437 fructuum.
667 2377 738 2438 Sed.
754 2378 802 2436 illa
824 2387 933 2453 quanta
957 2378 1120 2454 benignitas
1146 2389 1275 2452 naturae,
1283 2388 1320 2446 58

226 2474 307 2550 quod
322 2485 381 2533 tam
395 2475 485 2533 multa
498 2474 537 2533 ad
551 2474 740 2545 vescendum,
752 2484 811 2531 tam
825 2474 903 2531 varia
916 2483 947 2532 et
960 2485 1020 2532 tam
1035 2474 1163 2533 iucunda
1176 2476 1276 2551 gignit,

225 2588 321 2646 neque
336 2589 372 2628 ea
385 2588 445 2627 uno
462 2580 595 2644 tempore
616 2571 694 2640 anni,
709 2578 742 2627 ut
762 2586 878 2643 semper
898 2578 927 2626 et
947 2569 1075 2627 novitate
1097 2569 1277 2628 delectemur

226 2675 256 2722 et
269 2665 374 2739 copia!
417 2665 514 2738 Quam
529 2665 717 2739 tempestivos
732 2672 830 2720 autem
844 2662 936 2734 dedit,
952 2682 1040 2738 quam
1058 2664 1195 2722 salutares
1215 2683 1276 2723 non

226 2759 316 2818 modo
331 2759 492 2831 bominum,
506 2759 560 2818 sed
575 2760 662 2818 etiarn
683 2757 833 2835 pecudum
854 2758 962 2833 generi,
978 2758 1012 2816 iis
1033 2757 1161 2834 denique
1181 2761 1275 2818 omui-

188 2879 213 2917 πε
225 2855 288 2927 bus,
303 2873 378 2931 quae
394 2856 525 2913 oriuntur
544 2873 561 2914 e
583 2864 666 2925 terra,
681 2864 784 2933 ventos
807 2854 919 2912 Etesias
932 2858 942 2928 l,
960 2872 1084 2928 quorum
1105 2854 1174 2913 flatu
1193 2856 1277 2914 nimii

225 2960 424 3025 temperantur
437 2951 567 3020 calores;
589 2952 627 3009 ab
641 2950 736 3008 isdem
751 2950 840 3008 etiam
855 2949 990 3007 maritimi
1005 2967 1104 3007 cursus
1119 2951 1229 3009 celeres
1246 2960 1277 3009 et

221 3046 297 3105 'certi
320 3045 498 3122 deriguntur.
542 3046 636 3105 Multa
659 3044 872 3122 praetereunda
895 3055 962 3104 suut
990 3042 1036 3123 [et
1060 3054 1159 3105 tamen
1186 3046 1277 3106 multa

225 3142 390 3223 dicuntur}
433 3144 605 3203 Enumerari
627 3145 706 3203 enim
727 3163 789 3202 non
809 3153 933 3220 possunt
954 3142 1105 3203 fluminum
1126 3145 1321 3220 oportuni-rar

226 3250 309 3312 tates,
323 3241 569 3300 aestusmaritimi
587 3239 743 3320 [multum]
760 3240 938 3299 accedentes
952 3251 981 3298 et
995 3239 1178 3312 recedentes,
1193 3260 1276 3300 mon-

188 3359 214 3397 ao
225 3347 269 3396 tes
283 3338 377 3397 vestiti
391 3348 478 3414 atque
493 3338 645 3410 silvestres,
659 3338 767 3396 saliuae
782 3337 819 3397 ab
834 3356 885 3396 ora
898 3338 1041 3396 maritima
1056 3337 1276 3410 remotissimae,

226 3434 509 3494 medicamentomm
533 3436 699 3494 salutarium
723 3435 907 3510 plenissimae
927 3443 1028 3505 terrae,
1044 3434 1180 3493 utilitates
1194 3435 1275 3494 deni-

226 3535 284 3605 que
299 3531 523 3590 innumerabiles
537 3531 576 3590 ad
590 3532 700 3590 victum
715 3541 744 3588 et
757 3529 796 3588 ad
810 3531 900 3588 vitam
914 3530 1105 3589 necessariae.
1140 3533 1203 3589 lam
1218 3530 1276 3589 diei

226 3627 380 3702 noctisque
393 3627 563 3687 vicissitudo
577 3636 731 3686 conservat
745 3626 908 3684 animantes
922 3625 1051 3684 tribuens
1070 3625 1150 3686 aliud
1169 3626 1275 3701 agendi

225 3731 351 3800 tempus,
366 3723 445 3782 aliud
459 3723 641 3800 quiescendi.
683 3724 730 3783 Sic
745 3721 875 3799 undique
889 3722 971 3780 omni
991 3722 1102 3780 ratione
1124 3721 1276 3782 concludi-

189 3837 213 3879 ιε
226 3826 281 3881 tur
305 3828 404 3879 mente
438 3821 619 3897 consilioque
654 3820 753 3879 divino
771 3866 773 3871 ⁴
790 3819 890 3878 omnia
928 3819 959 3878 in
999 3818 1056 3877 boc
1091 3817 1203 3877 mundo
1236 3817 1294 3876 a'd·

1290 3929 1302 3956 .
