2932 4364
461 373 527 422 urs.
546 374 596 424 111.
629 363 898 435 cir.xxx1x,xn.
933 376 1064 442 trum·
1220 362 1288 440 -167

236 533 353 596 vovent,
364 523 447 582 audit
460 525 544 600 igitur
559 544 642 585 mens
657 527 756 585 divina
770 528 857 585 etiarn
869 526 907 585 de
922 527 1050 602 singulis.
1091 527 1205 586 Videtis
1220 546 1288 603 ergo

237 638 297 677 non
318 638 382 678 esse
403 639 469 679 eam
489 631 548 679 tam
567 633 753 697 occupatam,
768 642 855 698 quam
871 623 1038 697 putabatis?
1079 625 1138 682 Fac
1153 642 1216 683 esse
1230 624 1300 687 dis·>

237 724 358 787 tentam,
374 718 487 774 caelum
502 728 674 790 versantem,
690 729 795 776 terram
809 728 950 790 tuentem,
963 719 1053 777 maria
1067 718 1268 778 moderantem
1280 741 1288 792 3

237 829 289 868 cur
313 821 373 869 tam
398 813 504 871 multos
525 812 598 872 deos
623 814 694 871 nihil
715 832 801 889 agere
823 824 852 872 et
873 832 988 872 cessare
1009 815 1137 891 patitur?
1157 835 1209 873 cur
1228 834 1288 874 non

205 927 217 967 s
236 907 322 966 rebus
344 908 477 967 humanis
498 910 609 984 aliquos
632 911 742 969 otiosos
763 901 837 969 deos
858 911 998 988 praeficit,
1020 911 1070 987 qui
1091 931 1110 970 a
1129 921 1167 985 te,
1190 912 1289 984 Balbe,

236 1004 461 1063 innumerabiles
476 1006 612 1081 explicati
627 1009 714 1066 sunt?
749 1009 835 1066 Haec
850 1009 910 1066 sere
925 1007 1024 1067 dicere
1038 1008 1127 1069 habui
1139 1008 1290 1068 denatura

237 1099 370 1173 deorum,
386 1120 446 1160 non
467 1112 500 1161 ut
520 1122 585 1162 eam
607 1103 747 1176 tollerem,
763 1102 817 1163 sed
833 1113 866 1163 ut
882 1105 1095 1180 intellegeretis,
1110 1123 1199 1182 quarn
1213 1116 1289 1164 esset

330 1216 361 1255 ra
376 1207 405 1255 et
419 1217 508 1274 quam
522 1198 646 1258 difficilis
661 1200 965 1300 explicatuqhaberet.

165 1196 362 1447 βξαο
376 1313 445 1353 cum
460 1294 588 1366 dixisset,
600 1296 687 1354 Cotta
702 1272 813 1354 finenis⁰
842 1280 969 1355 Lucilius
983 1305 1099 1356 autern:
1121 1268 1334 1375 Vehemenff

201 1415 224 1442 ιο
237 1389 302 1461 tius,
324 1389 427 1465 inquit,
448 1391 544 1462 Cotta,
567 1400 597 1450 tu
622 1390 742 1467 quidem
767 1392 898 1450 invectus
922 1411 953 1450 es
978 1393 1008 1451 in
1032 1411 1098 1451 eam
1126 1393 1290 1453 Stoicorum

237 1486 389 1559 rationem,
411 1505 486 1562 quae
507 1487 545 1546 de
567 1487 752 1563 providentia
771 1487 893 1547 deorum
915 1488 953 1547 ab
973 1488 1026 1547 illis
1047 1488 1237 1549 sanctissume
1260 1499 1291 1549 et

237 1582 501 1656 providentissume
528 1585 686 1643 constituta
713 1595 767 1644 est.
809 1585 867 1644 Sed
896 1585 1035 1661 quoniam
1062 1585 1288 1662 advesperascit,

238 1679 322 1739 dabis
343 1681 428 1739 nobis
447 1680 527 1740 diem
548 1682 684 1758 aliquem,
704 1691 736 1741 ut
756 1691 858 1741 contra
879 1682 933 1740 ista
951 1682 1093 1742 dicamus.
1136 1684 1190 1742 Est
1210 1684 1289 1742 enim

238 1777 310 1835 mihi
330 1787 429 1835 tecum
450 1796 503 1854 pro
524 1780 579 1838 aris
600 1788 630 1837 et
650 1779 723 1838 locis
743 1788 892 1837 certamen
913 1789 943 1837 et
961 1797 1015 1854 pro
1032 1778 1156 1838 deorum
1174 1780 1290 1855 templis

203 1898 226 1937 ις
239 1883 326 1948 atque
342 1873 469 1933 delubris
489 1894 601 1951 proque
621 1875 698 1934 urbis
717 1865 815 1947 muris,
831 1894 904 1951 quos
918 1895 980 1948 vos,
995 1876 1159 1951 pontifices,
1174 1887 1291 1936 sanctos

240 1989 303 2028 esse
318 1970 414 2029 dicitis
429 1972 653 2047 diligentiusque
676 1972 776 2030 urbem
797 1972 936 2047 religione
951 1991 1040 2048 quam
1055 1972 1123 2047 ipsis
1137 1973 1291 2032 moenibus

239 2067 353 2142 cingitis
362 2088 371 2140 3
393 2086 468 2142 quae
489 2066 584 2126 deseri
605 2086 624 2125 a
643 2085 705 2138 me,
719 2065 790 2125 dum
809 2066 930 2141 quidem
951 2067 1059 2141 spirare
1080 2076 1193 2142 potero,
1210 2068 1292 2125 nefas

239 2161 348 2221 iudico.
389 2165 466 2220 Tum
481 2164 586 2222 Cotta:
611 2164 676 2237 Ego
690 2181 759 2220 vero
780 2171 810 2219 et
831 2171 903 2237 opto
923 2161 1059 2238 redargui
1075 2181 1133 2235 me,
1148 2162 1248 2235 Balbe,
1262 2172 1292 2222 et
1304 2175 1330 2216 us

239 2278 283 2332 ea,
298 2278 374 2336 quae
389 2259 543 2335 disputavi,
557 2258 698 2317 disserere
719 2258 807 2317 malui
828 2277 917 2333 quam
938 2258 1066 2318 iudicare
1088 2269 1118 2317 et
1137 2259 1222 2318 facile
1244 2279 1292 2319 me

202 2376 257 2414 „a
275 2367 304 2415 te
323 2357 400 2414 vinci
419 2375 507 2431 posse
527 2366 607 2414 certo
624 2356 695 2413 scio.
738 2355 867 2429 Quippe,
881 2355 974 2430 inquit
987 2355 1125 2427 Velleius,
1140 2356 1190 2431 qui
1205 2357 1293 2415 etiam

239 2454 352 2512 somnia
372 2463 455 2528 putet
475 2452 514 2511 ad
534 2472 589 2511 nos
610 2453 684 2509 mitti
705 2452 743 2510 ab
757 2453 838 2523 Iove,
853 2469 930 2526 quae
947 2451 1011 2526 ipsa
1027 2460 1126 2510 tamen
1143 2461 1202 2510 tam
1219 2452 1294 2511 levia

238 2569 299 2609 non
316 2561 392 2622 sunt,
406 2569 494 2625 quam
516 2560 560 2608 est
580 2549 743 2607 Stoicorum
757 2546 795 2606 de
810 2557 911 2605 natura
925 2547 1048 2606 deorum
1063 2548 1164 2607 oratio.
1207 2550 1293 2607 Haec

239 2667 307 2705 cum
329 2656 427 2704 essent
445 2645 533 2716 dicta,
551 2645 591 2702 ita
611 2644 806 2713 discessimus,
824 2640 857 2701 ut
874 2642 986 2701 Velleio
1008 2643 1113 2702 Cottae
1135 2642 1293 2719 disputatio
1347 2656 1349 2662 ·

238 2743 340 2815 verior,
355 2742 427 2801 mihi
447 2740 530 2800 Balbi
550 2739 588 2798 ad
605 2738 730 2798 veritatis
751 2736 969 2796 similitudinem
983 2736 1129 2796 videretur
1143 2757 1207 2798 esse
1225 2758 1292 2816 pro-

202 2867 225 2906 ,ς
238 2840 461 3031 pensiorsp
