2932 4364
143 372 203 436 130
466 372 516 422 DE
536 372 684 421 NATURA·
704 372 864 422 DEORUM.

137 526 233 584 bubus
246 525 370 601 loquar?
390 543 515 601 quorum
529 526 593 603 ipsa
605 535 687 603 terga
701 524 850 586 declarant
862 545 924 586 non
939 543 1003 586 esse
1018 544 1049 586 se
1064 526 1103 586 ad
1117 545 1192 588 onus

139 622 346 698 accipiendum
374 623 512 698 figurata,
542 624 671 682 cervices
698 633 796 682 autern
824 635 910 683 natae
935 623 974 682 ad
996 624 1106 700 iugum,
1129 634 1192 684 tum

138 719 212 777 vires
227 736 393 777 umerorum
408 729 438 778 et
452 719 619 777 latitudines
632 719 671 777 ad
686 729 779 777 aratra
797 718 865 798 [ex]
871 720 1022 779 trahenda,
1066 722 1190 795 Quibus,

139 831 208 871 cum
222 818 315 870 terra'e
330 814 531 887 subigerentur
545 814 662 871 fissione
676 814 835 888 glebarum,
851 816 889 872 ab
904 815 953 872 iilo
968 833 1058 872 aureo
1074 833 1191 890 genere,

138 919 171 966 ut
184 909 290 984 politae
305 909 470 982 loquuntur,
485 909 527 966 vis
541 909 620 966 nulla
633 926 774 984 umquam
788 909 981 969 adserebatur.

221 1066 353 1124 Ferrea
373 1075 446 1124 turn
467 1084 552 1125 vero
573 1067 695 1143 proles
717 1077 844 1126 exorta
863 1078 1016 1145 repente
1038 1079 1093 1128 est

139 1237 141 1240 Ι
219 1163 389 1237 Ansaque
411 1163 597 1238 funestum
619 1163 735 1239 prima
755 1175 817 1230 est,
830 1165 1050 1224 fabricarier
1071 1184 1194 1224 ensem

220 1255 265 1318 Et
293 1267 440 1335 gustare
470 1277 575 1318 manu
604 1260 766 1318 vinctum
788 1260 1042 1337 domitumque
1066 1262 1193 1321 iuven-

945 1377 1040 1418 cum.

137 1499 233 1558 Tanta
255 1498 410 1574 putabatur
431 1498 538 1556 utilitas
560 1498 673 1574 percipi
695 1515 712 1556 e
735 1497 841 1571 bubus,
862 1509 895 1558 ut
915 1516 1017 1558 eorum
1034 1499 1193 1560 visceribus
1207 1525 1232 1552 10

95 1597 217 1659 divesci
255 1597 351 1654 scelus
388 1594 551 1654 haberetur.
615 1595 751 1671 Longum
792 1605 837 1655 est
874 1596 1019 1654 mulorum
1057 1598 1194 1672 persequi

139 1693 275 1765 utilitates
298 1701 328 1750 et
350 1692 507 1763 asinorum,
530 1709 605 1767 quae
628 1702 708 1750 certe
730 1691 770 1750 ad
793 1692 946 1750 hominum
968 1712 1054 1752 usum
1076 1704 1192 1769 paratae

31 1803 33 1809 ·
95 1778 216 1850 ruosunt.
258 1790 312 1849 Sus
336 1806 406 1849 vero
431 1787 504 1864 quid
528 1788 616 1847 habet
640 1799 755 1865 praeter
778 1790 900 1849 escam?
926 1789 975 1849 cui
999 1790 1130 1866 quidem,
1154 1809 1193 1850 ne

139 1895 315 1963 putesceret,
325 1883 454 1944 ¹animam
470 1886 563 1961 ipsam
577 1903 632 1960 pro
647 1886 705 1944 sale
721 1885 820 1944 datam
833 1887 905 1945 dicit
918 1905 982 1945 esse
994 1887 1193 1964 Chrysippus;

140 2001 200 2060 qua
221 1980 347 2059 pecude,
371 1981 452 2058 quod
477 1991 539 2040 erat
562 1981 601 2039 ad
624 1981 805 2041 vescendum
829 1984 996 2042 hominibus
1023 1995 1100 2060 apta,
1123 1982 1232 2047 nihilis

140 2081 241 2158 genuit
269 2090 372 2139 natura
399 2077 563 2138 fecundius.
609 2078 691 2153 Quid
719 2079 936 2138 multitudinem
963 2082 1192 2158 suavitatemque

140 2176 267 2252 piscium
281 2176 401 2234 dicam?
421 2174 493 2250 quid
507 2174 625 2233 avium?
645 2192 682 2233 ex
696 2176 802 2250 quibus
819 2185 900 2234 tanta
920 2177 1079 2252 percipitur
1092 2179 1193 2253 volup·
1264 2199 1267 2205 ·

140 2281 194 2342 tas,
205 2280 238 2328 ut
251 2269 397 2328 interdum
410 2272 544 2327 Pronoea
557 2279 655 2327 nostra
667 2270 813 2345 Epicurea
826 2271 913 2329 tuisse
924 2271 1065 2330 videatur.
1097 2274 1193 2346 Atque

142 2383 195 2424 eae
209 2383 247 2424 ne
262 2375 435 2441 caperentur
448 2364 569 2439 quidem
584 2365 640 2422 nisi
654 2364 808 2423 hominurn
819 2366 932 2424 ratione
946 2376 1034 2442 atque
1048 2367 1193 2442 sollertia3

142 2447 321 2538 quamquam
334 2461 395 2519 avis
409 2460 561 2535 quasdam,
577 2470 607 2519 et
621 2460 703 2520 alites
720 2470 750 2519 et
767 2462 892 2533 oscines,
907 2471 940 2520 ut
959 2464 1051 2521 nostri
1071 2482 1194 2539 augures
1207 2487 1233 2514 πο

97 2575 134 2616 161
141 2559 297 2634 appellant,
311 2575 407 2616 rerum
421 2557 655 2632 augurandarum
669 2576 759 2616 eausa
773 2575 836 2616 esse
851 2569 934 2617 natas
948 2568 1094 2634 putamus.
1131 2560 1194 2618 Iam

141 2673 210 2714 vero
224 2655 367 2713 immanes
382 2662 412 2712 et
426 2653 499 2711 ieras
514 2654 614 2712 beluas
628 2654 825 2713 nanciscimur
838 2655 985 2728 venand0,
999 2666 1032 2715 ut
1051 2666 1081 2715 et
1094 2676 1194 2715 vesca-

142 2770 206 2810 mur
229 2751 263 2811 iis
287 2759 317 2809 et
341 2768 529 2808 exerceamur
553 2751 583 2809 in
605 2750 742 2809 venando
767 2751 806 2810 ad
829 2752 1049 2812 similitudinem
1073 2753 1195 2813 bellicae

142 2849 313 2925 disciplinae
335 2856 365 2908 et
385 2857 502 2906 utamur
522 2846 641 2907 domitis
662 2859 692 2908 et
716 2849 948 2924 condoceiactis,
970 2862 1003 2910 ut
1024 2851 1194 2928 elephantis,

142 2947 290 3022 multaque
313 2963 350 3004 ex
372 2962 473 3004 earum
495 2946 666 3021 corporibus
689 2947 821 3005 remedia
845 2948 954 3007 morbis
979 2959 1009 3006 et
1030 2949 1195 3008 vulneribus
1208 2969 1233 3006 τε

142 3045 291 3120 eligamus,
306 3042 382 3100 sicut
399 3059 437 3100 ex
457 3041 633 3116 quibusdam
655 3043 790 3119 stirpibus
812 3053 843 3102 et
863 3044 969 3117 herbis,
983 3041 1106 3121 quarum
1121 3046 1194 3104 utili-

141 3151 216 3200 tates
237 3138 387 3216 longinqui
408 3139 548 3215 temporis
563 3158 616 3198 usu
631 3150 661 3199 et
674 3142 885 3216 periclitatione
899 3143 1094 3220 percepimus.
1134 3145 1195 3202 To·

142 3249 202 3297 tam
229 3238 298 3296 licet
325 3236 428 3296 animis
456 3246 605 3312 tamquam
633 3239 873 3309 oculislustrare
907 3249 1013 3298 terram
1047 3242 1195 3316 mariaque

142 3336 260 3407 omnia,
289 3353 392 3393 cernes
413 3334 470 3393 iarn
492 3335 585 3409 spatia
606 3334 739 3410 irugiiera
759 3347 847 3418 atque
869 3337 1003 3395 inmensa
1023 3355 1195 3412 camporum

141 3433 320 3505 vestitusque
334 3430 523 3488 densissimos
538 3427 691 3502 montium,
707 3431 858 3506 pecudum
872 3443 981 3508 pastus,
993 3442 1055 3490 turn
1070 3433 1194 3491 incredi-
1208 3459 1234 3495 ³0

96 3528 191 3587 rutili
214 3544 316 3584 cursus
338 3527 498 3584 maritimos
520 3526 677 3586 celeritate.
720 3527 787 3585 Nec
805 3545 875 3586 vero
898 3547 986 3603 supra
1006 3537 1120 3600 terram,
1141 3528 1196 3587 sed

142 3624 230 3681 etiam
251 3623 282 3680 in
303 3623 421 3681 intumis
443 3623 506 3681 eius
528 3622 655 3681 tenebris
675 3623 863 3698 plurimarum
884 3643 981 3684 rerum
995 3626 1065 3683 latet
1078 3625 1195 3697 utilitas,

141 3738 218 3795 quae
233 3719 272 3777 ad
287 3701 372 3777 usum
387 3719 540 3777 hominum
555 3729 618 3777 orta
631 3719 669 3778 ab
684 3706 852 3779 bominibus
866 3722 935 3780 solis
949 3709 1102 3781 invenitur.

97 3823 134 3878 tt
184 3813 260 3874 Illud
274 3833 354 3886 vero,
369 3813 450 3890 quod
465 3824 587 3889 uterque
601 3823 729 3874 vestrum
743 3815 860 3892 arripiet
877 3818 997 3876 fortasse
1018 3816 1057 3876 ad
1077 3831 1196 3894 repren-
