2932 4364
166 403 211 466 44
495 399 544 449 nn
565 400 711 451 narona
733 399 893 472 nupnvu.
932 459 935 479 Ι

167 569 287 623 nomeu,
301 561 366 610 tum
379 552 513 610 ultimum
527 561 558 610 et
572 551 742 610 altissimum
763 559 850 626 atque
864 550 995 627 undique
1010 551 1218 611 circumfusum

147 687 149 691 .
167 657 199 706 et
211 656 374 706 extremum
389 647 489 706 omnia
502 647 669 722 cingentem
689 655 777 722 atque
809 646 986 723 conplexum
1008 647 1152 719 ardorem,
1167 648 1218 723 qui

167 743 268 801 aether
289 743 464 813 nominetur,
487 741 678 800 certissimum
700 740 791 800 deum
815 740 945 815 iudicat3
973 741 1112 816 idemque
1135 743 1218 816 quasi

168 836 294 896 delirans
307 837 338 894 in
352 837 386 894 iis
404 836 491 907 libris,
505 854 580 910 quos
600 836 713 911 scripsit
735 845 837 894 contra
850 836 1038 911 voluptatem,
1052 845 1115 895 tum
1136 837 1219 911 fingit
1239 891 1241 896 ,
1268 883 1271 887 ,

168 933 292 990 formam
305 929 456 1006 quandam
477 940 506 988 et
526 930 656 1006 speciem
671 929 803 1002 deorum,
818 940 880 989 tum
895 929 1076 989 divinitatem
1098 949 1218 990 omnem
1238 946 1250 985 s

168 1027 268 1087 tribuit
281 1028 371 1106 astris,
385 1034 448 1085 tum
469 1025 541 1083 nihil
561 1025 673 1084 ratione
694 1035 797 1084 censet
816 1043 880 1084 esse
896 1025 1030 1086 divinius.
1072 1028 1119 1085 Ita
1131 1027 1172 1099 tit,
1186 1039 1219 1086 ut

169 1124 243 1184 deus
263 1124 319 1197 ille,
334 1141 424 1200 quem
444 1131 542 1182 mente
563 1123 712 1186 noscimus
733 1132 820 1198 atque
841 1122 981 1182 inanimi
1002 1123 1123 1182 notione
1145 1133 1217 1183 tarn·

169 1239 258 1297 quam
272 1221 301 1280 in
315 1220 437 1297 vestigio
451 1221 583 1279 volumus
604 1236 756 1294 reponere,
770 1238 915 1296 nusquam
935 1238 1052 1296 prorsus
1071 1230 1218 1297 appareat.

127 1303 210 1411 ¹5At
233 1320 382 1390 Persaeus,
403 1317 536 1377 eiusdem
558 1317 683 1375 Zenonis
709 1315 832 1388 auditor,
854 1334 906 1375 eos
927 1318 999 1376 n'cit
1019 1335 1083 1376 esse
1106 1317 1219 1377 habitos

63 1430 66 1437 ’
131 1369 252 1513 8⁸deos,
277 1413 420 1489 aquibus
444 1431 551 1488 magna
571 1412 678 1470 utilitas
701 1410 836 1470 advitae
859 1413 975 1471 cultum
993 1424 1070 1472 esset
1093 1413 1217 1486 inventa,
1233 1432 1258 1459 ¹0

170 1502 304 1586 ipsasque
325 1527 370 1568 res
391 1509 475 1568 utiles
496 1517 526 1567 et
546 1509 683 1567 salutares
704 1507 827 1567 deorum
853 1526 916 1568 esse
937 1510 1085 1569 vocabulis
1107 1529 1218 1570 nuncu·

169 1617 261 1683 patas,
276 1616 309 1666 ut
328 1625 366 1665 ne
388 1607 446 1665 hoc
460 1605 580 1681 quidem
595 1604 715 1678 diceret,
731 1606 779 1664 illa
799 1607 917 1665 iuventa
937 1602 1001 1665 esse
1015 1607 1149 1679 deorum,
1165 1608 1219 1667 sed

169 1704 233 1779 ipsa
246 1702 352 1764 divina.
394 1702 463 1776 Quo
477 1702 549 1776 quid
563 1702 723 1775 absurdius,
738 1720 827 1777 quam
842 1712 893 1760 aut
912 1720 957 1761 res
978 1702 1110 1761 sordidas
1131 1711 1219 1778 atque

170 1799 308 1858 deformis
319 1797 442 1856 deorum
457 1797 568 1856 honore
578 1797 706 1856 adficere
718 1806 767 1856 aut
781 1798 916 1857 homines
930 1798 988 1857 iam
1002 1794 1095 1858 mo'rte
1106 1799 1219 1858 deletos

98 1894 114 1982 J
169 1913 311 1972 reponere
326 1895 356 1953 in
370 1895 453 1967 deos,
468 1912 592 1970 quorum
606 1895 701 1953 omnis
723 1895 818 1953 cultus
839 1904 917 1954 esset
937 1896 1048 1954 futurus
1069 1897 1098 1954 in
1118 1896 1221 1956 luctu?
1233 1916 1257 1954 ιε

131 1996 159 2038 ⁸⁰
172 1993 235 2052 Iam
261 2009 332 2051 vero
359 1991 547 2068 Chrysippus,
572 1991 622 2067 qui
650 1992 813 2051 Stoicorum
842 1992 1021 2051 somniorum
1043 1993 1220 2053 vaferrumus

170 2089 293 2149 habetur
316 2088 466 2164 interpres,
488 2106 624 2164 magnam
645 2088 759 2147 turbam
785 2098 944 2166 congregat
964 2090 1129 2165 ignotorum
1147 2089 1219 2149 deo·

170 2204 244 2257 rum,
255 2195 343 2260 atque
357 2186 398 2243 ita
411 2185 585 2260 ignotorum,
594 2193 626 2243 ut
640 2203 691 2243 eos
705 2203 743 2242 ne
754 2186 925 2250 coniectura
934 2184 1055 2273 quidem
1065 2186 1219 2244 informare

171 2376 350 2451 depingere3
371 2375 411 2434 ait
424 2375 502 2433 enim
516 2375 575 2432 vim
589 2373 717 2432 divinam
731 2375 762 2433 in
775 2376 887 2434 ratione
908 2392 973 2433 esse
992 2375 1118 2450 positam
1138 2384 1169 2433 et
1189 2376 1220 2433 in
1233 2398 1259 2426 ω

171 2471 320 2530 universae
334 2480 454 2528 naturae
468 2469 567 2527 animo
581 2478 668 2544 atque
683 2441 958 2624 mentfflpsumque
973 2470 1116 2528 mundum
1130 2469 1220 2528 deum

171 2566 242 2625 dicit
262 2583 326 2625 esse
347 2575 378 2624 et
401 2566 462 2623 eius
486 2565 576 2623 animi
598 2565 743 2635 fusionem
809 2566 940 2638 iversam,
957 2574 1020 2625 tum
1045 2565 1106 2624 eius
1130 2566 1220 2642 ipsius

170 2662 373 2737 principatum,
388 2660 438 2735 qui
458 2660 488 2717 in
509 2669 608 2719 mente
633 2669 662 2718 et
685 2661 797 2719 ratione
818 2671 955 2734 versetur,
970 2679 1220 2737 communemque

309 2766 420 2814 aturam
444 2756 719 2831 universitatemque
744 2757 845 2815 omnia
866 2759 1077 2830 continentem,
1091 2766 1154 2817 tum
1178 2759 1218 2818 sa-

170 2775 290 2964 talen&
362 2852 592 2910 tnecessitatem
605 2871 702 2910 rerum
717 2853 998 2929 suturarum‚1gnem
1020 2862 1170 2930 praeterea
1189 2863 1220 2914 et
1232 2880 1257 2920 25

171 2966 249 3021 eum,
273 2966 361 3024 quem
387 2957 453 3006 ante
476 2948 546 3020 dixi,
571 2947 697 3021 aethera,
723 2958 785 3007 tum
810 2967 854 3022 ea,
876 2967 951 3025 quae
974 2959 1077 3008 natura
1098 2949 1220 3010 fluerent

128 3049 130 3054 ’
158 3053 258 3120 'atque
272 3053 431 3117 manarent,
445 3054 478 3103 ut
498 3053 528 3104 et
548 3062 664 3119 aquam
674 3053 705 3104 et
725 3054 830 3104 terram
851 3055 882 3104 et
905 3045 980 3119 aera,
995 3037 1096 3133 solem,
1110 3046 1219 3120 lunam,

171 3141 266 3202 sidera
278 3141 552 3218 universitatemque
573 3159 678 3214 rerum,
693 3160 753 3218 qua
772 3142 873 3201 omnia
893 3142 1118 3216 continerentur,
1131 3152 1219 3220 atque

132 3254 159 3298 to
170 3239 260 3297 etiarn
273 3236 407 3296 homines
418 3255 478 3310 eoS,
489 3238 540 3315 qui
564 3237 799 3298 inmortalitatem
810 3249 908 3298 essent
918 3241 1078 3301 consecuti.
1120 3239 1219 3300 Idem-

170 3353 229 3412 que
249 3334 378 3411 disputat
398 3335 515 3394 aethera
538 3353 603 3394 esse
627 3353 705 3408 eum,
720 3354 810 3411 quem
834 3335 969 3396 homines
994 3338 1096 3397 Iovem
1112 3339 1258 3421 appel-³0

170 3432 271 3504 larent,
296 3432 405 3508 quique
427 3432 477 3490 ae'r
498 3449 552 3508 per
574 3432 665 3490 maria
691 3442 831 3506 manaret,
856 3451 925 3493 eum
949 3452 1014 3493 esse
1037 3435 1218 3511 Neptunum,

169 3538 334 3602 terramque
349 3545 415 3585 eam
430 3545 502 3599 esse,
513 3545 589 3602 quae
604 3527 694 3588 Ceres
705 3527 859 3602 diceretur,
871 3530 1015 3605 similique
1028 3531 1140 3590 ratione
1154 3550 1218 3610 per·

170 3625 300 3699 sequitur
322 3623 465 3682 vocabula
488 3624 665 3697 reliquorum
688 3623 821 3684 deorum.
864 3624 1009 3700 Idemque
1033 3627 1122 3686 etiarn
1148 3628 1219 3702 legis

168 3728 330 3795 perpetuae
355 3728 385 3776 et
408 3728 542 3776 aeternae
562 3719 631 3790 vim,
650 3736 725 3793 quae
746 3721 829 3794 quasi
850 3721 911 3779 dux
930 3722 1007 3779 vitae
1031 3731 1062 3779 et
1084 3723 1220 3798 magistra

168 3814 332 3873 officiorum
347 3812 392 3886 sit,
408 3813 511 3871 Iovem
521 3811 593 3870 dicit
606 3830 671 3871 esse
684 3812 869 3889 eandemque
883 3815 1000 3874 fatalem
1013 3817 1219 3876 necessitatem
1232 3842 1257 3882 ³⁵
