2932 4364
756 316 761 343 l

250 401 311 460 100
489 411 492 415 ¹
575 398 624 449 os
645 398 792 455 aaroni.
812 384 972 454 osonum.

180 575 209 610 ·'.·
245 556 355 633 volunt.
398 554 525 614 Dianam
547 563 647 612 autem
670 562 700 611 et
724 553 838 614 Lunam
863 551 989 612 eandem
1011 571 1075 614 esse
1099 562 1217 630 putant,
1232 573 1301 615 cum

184 674 230 729 ’ψ’
245 654 295 715 Sol
308 653 405 712 dictus
425 652 532 725 sit,-vel
546 651 615 727 quia
636 651 715 709 solus
729 669 767 708 ex
780 651 916 709 omnibus
930 649 1074 709 sideribus
1088 661 1132 710 est
1146 661 1242 711 tantus
1255 653 1302 712 vel

245 751 324 825 quia,
338 768 408 808 curn
431 759 475 807 est
498 757 624 820 exortus,
640 747 801 806 obscuratis
816 746 952 805 omnibus
973 747 1051 806 solus
1072 758 1202 823 apparet,
1218 748 1303 807 Luna

244 862 264 903 a
281 845 411 909 lucendo
433 845 584 919 nominata
605 844 660 915 sit;
682 842 789 901 eadem
811 853 855 901 est
876 842 954 900 enirn
979 843 1099 902 Lucina.
1142 844 1255 918 Itaque,
1270 854 1302 902 ut

246 940 326 1017 apud
352 942 484 1001 Graecos
509 941 645 1012 Dianam,
668 957 792 1016 eamque
817 939 990 1011 Luciferam,
1012 939 1055 997 sic
1079 938 1160 1015 apud
1187 948 1333 998 nostross

235 1039 395 1097 lunonem
418 1037 562 1096 Lucinam
584 1036 615 1095 in
634 1035 778 1111 pariendo
800 1035 937 1105 invocant
948 1056 957 1108 3
977 1051 1054 1111 quae
1077 1036 1183 1095 eadem
1205 1037 1303 1095 Diana
1330 1063 1337 1076 2

247 1135 437 1210 ‘omnivaga¹
453 1133 568 1206 dicitur,
577 1151 644 1191 -non
658 1152 676 1190 a
689 1131 835 1205 venando,
850 1131 903 1191 sed
917 1131 999 1207 quod
1019 1133 1050 1191 in
1070 1120 1184 1208 septem
1199 1151 1301 1191 nume-

208 1219 235 1282 tt
246 1242 324 1308 ratur
337 1241 489 1305 tamquam
502 1229 682 1304 vagantibus.
725 1229 822 1287 Diana
835 1227 923 1300 dicta,
937 1228 1006 1304 quia
1019 1238 1110 1286 noctu
1124 1229 1207 1304 quasi
1221 1228 1302 1288 diem

246 1327 383 1386 efficeret.
425 1325 589 1385 Adhibetur
602 1334 701 1383 autem
715 1323 755 1383 ad
774 1334 882 1401 partus,
896 1323 980 1400 quod
1000 1326 1020 1384 ii
1040 1335 1239 1384 maturescunt
1252 1338 1302 1384 aut

245 1433 361 1499 septem
374 1441 436 1481 non
449 1439 610 1496 numquam
625 1431 684 1493 aut,
695 1431 728 1479 ut
741 1421 923 1497 plerumque,
938 1440 1047 1480 novem
1060 1423 1145 1481 lunae
1160 1422 1300 1496 cursibus,
1315 1446 1341 1472 ιο

246 1521 296 1595 qui
310 1519 380 1595 quia
392 1537 496 1578 mensa
515 1519 609 1594 spatia
629 1517 801 1589 conficiunt,
817 1520 969 1577 ‘menses’
983 1519 1179 1578 nominantur.
1221 1519 1301 1578 Con-

246 1617 402 1691 cinneque,
416 1625 448 1674 ut
462 1615 562 1687 multa,
576 1604 724 1685 Timaeus,
739 1615 790 1689 qui
811 1632 881 1672 cum
906 1615 936 1673 in
960 1615 1078 1688 historia
1100 1614 1228 1687 dixisset,
1243 1633 1303 1691 qua

246 1721 334 1771 nocte
348 1722 434 1771 natus
448 1711 614 1770 Alexander
626 1721 712 1783 esset,
728 1709 834 1770 eadem
855 1711 970 1770 Dianae
992 1711 1137 1788 Ephesiae
1158 1713 1301 1788 templum

247 1809 460 1885 deflagravisse,
475 1808 607 1867 adiunxit
621 1808 742 1867 minime
759 1807 790 1867 id
811 1825 876 1867 esse
900 1807 1076 1880 mirandum,
1090 1808 1172 1885 quod
1195 1810 1300 1882 Diana,

248 1924 316 1965 cum
352 1907 382 1964 in
397 1916 493 1983 ,partu
521 1905 704 1982 Olympiadis
730 1905 853 1972 ¹adesse.
867 1904 1028 1978 voluisset„
1049 1906 1167 1964 afuisset
1199 1906 1300 1966 domo.
1315 1934 1339 1973 ις

244 2004 335 2079 'Quae
349 2013 448 2063 autem
462 2002 519 2062 dea
532 2000 571 2060 ad
585 2020 631 2060 res
645 2003 882 2076 omnesveniret,
896 2003 1044 2061 Venerem
1058 2004 1148 2062 nostri
1168 2004 1301 2062 nomina·

248 2110 360 2174 verunt,
384 2111 477 2176 atque
504 2117 567 2180 ex*
584 2100 743 2175 eapotius
758 2100 950 2161 .'‘venustas’.·
971 2112 1071 2176 quarn¹
1096 2101 1239 2163 ‘Venus’·
1265 2118 1302 2160 ex

249 2206 411 2257 venustate.
460 2205 469 2211 ”
735 2258 739 2270 ,
784 2244 786 2250 ,
943 2251 945 2256 ,
1115 2255 1117 2259 ,
1249 2251 1251 2255 .

199 2269 242 2376 {ff
260 2324 276 2351 ,Δ
288 2291 441 2349 Videtisne
455 2290 548 2365 igitur,
560 2298 592 2347 ut
602 2299 621 2347 a
632 2282 759 2366 physicis
773 2290 860 2350 rebus
873 2290 950 2348 bene
961 2300 1049 2365 atque
1060 2291 1165 2349 utiliter
1179 2291 1303 2367 inuentis

224 2435 227 2444 Δ
248 2386 340 2445 tracta
352 2387 426 2444 ratio
440 2386 476 2444 sit
490 2384 528 2443 ad
543 2385 766 2443 commenticios
781 2394 811 2442 et
824 2386 909 2443 fictos
923 2384 1018 2444 deos?
1038 2403 1114 2460 quae
1135 2404 1190 2444 res·
1201 2387 1302 2462 genuit
1314 2418 1340 2446 ω

248 2483 332 2541 falsas
346 2481 500 2557 opiniones
522 2497 691 2555 erroresque
712 2481 893 2539 turbulentos
915 2490 946 2539 et
967 2481 1184 2556 superstitiones
1206 2499 1302 2556 paene
1327 2521 1330 2525 .

248 2578 362 2638 aniles..
390 2578 429 2635 Et
452 2577 664 2634 formaeenim
689 2577 774 2635 nobis
799 2577 977 2635 deorumet
999 2586 1109 2635 aetates
1133 2587 1163 2635 et
1183 2578 1303 2636 vestitus

248 2684 425 2749 ornatusque
449 2673 513 2732 noti
536 2682 612 2745 sunt,
635 2690 743 2748 genera
765 2682 923 2749 praeterea,
945 2673 1091 2748 coniugia,
1111 2674 1303 2749 cognationes

248 2772 405 2846 omniaque
432 2769 567 2830 traducta
594 2769 633 2829 ad
664 2769 883 2828 similitudinem
910 2759 1112 2834 inbecillitatis
1137 2770 1282 2829 humanae
1293 2792 1302 2844 ;

248 2886 317 2926 nam
332 2877 361 2925 et
375 2866 549 2942 perturbatis
564 2867 667 2924 animis
681 2864 879 2938 inducuntur;
900 2865 1070 2941 accepimus
1084 2866 1163 2925 enim
1178 2865 1303 2926 deorum
1315 2895 1340 2935 25

162 2969 165 2979 ’
248 2963 434 3040 cupiditates,
442 2962 647 3038 aegritudines,
662 2961 845 3035 iracundias,
866 2979 924 3020 nec
933 2979 1013 3034 vero,
1024 2971 1061 3021 ut·
1071 2962 1183 3021 fabulae
1198 2964 1302 3037 ferunt,

248 3061 331 3120 bellis
341 3050 519 3135 proeliisque
535 3054 697 3130 caruerunt,
712 3076 770 3117 nec
783 3058 887 3130 solum,
902 3066 935 3117 ut
948 3056 1035 3135 apud]
1044 3060 1219 3132 Homerum,
1234 3079 1303 3119 cum

249 3157 310 3216 duo
325 3156 467 3215 exercitus
481 3155 641 3214 contrarios
657 3155 706 3213 alii
720 3153 770 3215 dei
792 3173 830 3214 ex
851 3155 906 3215 alia
927 3165 1009 3231 parte
1032 3154 1234 3230 defenderent,
1249 3158 1302 3217 sed

249 3255 346 3325 etiam,
369 3262 401 3311 ut
424 3270 491 3312 curn
513 3252 635 3325 Titanis,
657 3261 690 3314 ut
712 3270 781 3311 cum
806 3252 988 3328 Gigantibus,
1010 3270 1063 3312 sua
1086 3254 1304 3330 propriabella

248 3358 408 3425 gesserunt.
451 3349 539 3407 Haec
561 3358 595 3417 et
604 3348 741 3407 dicuntur
754 3357 783 3406 et
797 3347 955 3407 creduntur
976 3350 1143 3410 stultissime
1165 3361 1196 3411 et
1217 3353 1304 3428 plena
1316 3378 1343 3417 so

210 3456 317 3506 nsunt
344 3445 494 3505 futtilitatis
522 3462 713 3520 summaeque
740 3445 882 3506 levitatis.··
913 3445 973 3505 Sed
1000 3455 1099 3506 tamen
1127 3448 1172 3507 his
1200 3450 1303 3512 fabulis

248 3543 352 3618 spretis
366 3559 402 3599 ac
423 3541 581 3616 repudiatis
596 3541 669 3600 deus
689 3541 837 3618 pertinens
859 3561 912 3619 per
933 3553 1065 3603 naturam
1088 3545 1230 3621 cuiusque
1241 3548 1303 3620 3rei,

225 3693 228 3702 ,
248 3656 301 3714 per
323 3648 412 3696 terras
438 3637 536 3708 Ceres,
558 3656 612 3712 per
634 3638 724 3696 maria
748 3638 912 3715 Neptunus,
934 3640 981 3698 alii
1005 3659 1057 3715 per
1079 3641 1142 3712 alia,
1167 3652 1304 3717 poterunt

249 3734 377 3808 intellegi
401 3734 452 3807 qui
476 3733 636 3808 qualesque
664 3734 730 3804 sint,
754 3752 873 3809 quoque
902 3752 953 3793 eos
975 3736 1096 3793 nomine
1119 3737 1315 3798 consuetudo-

250 3829 471 3904 nuncupaverit,
486 3829 543 3891 hoc
567 3846 618 3890 eos
641 3838 672 3888 et
689 3828 820 3890 venerari
842 3837 872 3888 et
890 3829 986 3889 colere
1006 3829 1159 3892 debemus.
1200 3833 1304 3899 ,Cultus
1316 3858 1342 3899 3⁵
