2932 4364
484 373 549 423 mn.
561 372 612 422 111.
645 372 903 432 cn.xvrrr,x1x.
937 375 1072 444 lits-50·
1242 379 1296 446 151

251 527 308 603 ipsi
327 544 482 603 possumus
502 525 621 601 fingere.
665 525 756 600 Quod
776 526 801 584 si
820 527 881 584 veri
900 531 993 587 simile
1014 547 1075 588 non
1096 541 1148 603 est,
1170 550 1208 591 ne
1231 533 1301 593 illud

251 622 373 699 quidem
387 633 440 695 est,
455 622 529 681 haec
543 622 623 681 unde
637 621 789 681 fluxerunt.
831 623 913 698 Quid
930 634 1030 683 autem
1044 625 1127 698 dicis,
1142 628 1167 686 si
1185 628 1217 688 di
1234 635 1344 690 suntlll

252 721 300 791 illi,
315 739 389 796 quos
403 721 525 779 colimus
540 729 569 778 et
582 719 760 795 accepimus,
776 738 827 777 cur
840 738 900 779 non
918 721 1026 781 eodem
1043 723 1073 782 in
1092 742 1198 800 genere
1219 728 1300 786 Sera-

251 819 314 893 pim
341 818 470 892 Isimque
492 818 699 875 numeremus?
727 815 808 891 quod
832 817 856 875 si
881 817 1012 889 facimus,
1036 839 1087 879 cur
1116 822 1302 882 barbarorum

221 933 234 972 s
253 914 325 972 deos
343 913 550 990 repudiemus?
591 915 685 972 Boves
705 913 791 988 igitur
809 925 838 971 et
852 932 954 989 equos,
970 915 1032 988 ibis,
1049 919 1210 994 accipitres,
1226 921 1301 996 aspi·

245 1008 315 1083 das,
340 1009 514 1080 crocodilos,
539 1010 644 1085 pisces,
668 1027 767 1081 canes,
792 1010 886 1085 lupos,
909 1012 998 1082 laelis,
1023 1014 1127 1071 multus
1152 1027 1302 1091 praeterea

252 1107 352 1166 beluas
376 1107 406 1165 in
430 1106 553 1166 deorum
577 1125 731 1164 numerum
753 1124 938 1182 reponemus.
981 1109 1066 1182 Quae
1091 1111 1115 1168 si
1137 1111 1300 1185 reiciamus,

252 1204 300 1262 illa
323 1221 450 1279 quoque,
471 1202 550 1262 unde
575 1202 649 1262 haec
673 1212 741 1261 nata
765 1212 841 1275 sunt,
863 1204 1025 1263 reiciemus.
1068 1205 1150 1280 Quid
1172 1207 1339 1267 deindeite

253 1302 309 1358 Ino
323 1299 381 1358 dea
394 1300 517 1358 ducetur
533 1309 563 1358 et
576 1297 716 1357 Λευκοθέα
728 1317 747 1356 a
761 1299 890 1371 Graecis,
906 1318 925 1356 a
942 1301 1027 1359 nobis
1042 1304 1157 1361 Matuta
1176 1303 1299 1377 dicetur,

216 1421 240 1448 ιο
253 1415 321 1454 cunr
342 1397 378 1454 sit
399 1394 505 1455 Cadmi
525 1395 591 1467 filia,
607 1395 692 1454 Circe
713 1404 812 1453 autern
833 1402 863 1453 et
885 1396 1027 1472 Pasiphae
1049 1408 1078 1456 et
1092 1401 1185 1457 Aeeta
1199 1417 1216 1458 e
1231 1402 1299 1459 Per-

252 1492 343 1564 seide,
369 1493 482 1553 Oceani
505 1492 572 1564 filia,
596 1466 770 1567 natff'patre
794 1492 870 1564 Sole,
891 1492 921 1551 in
945 1492 1068 1553 deorum
1092 1514 1215 1555 numero
1237 1515 1299 1557 non

252 1589 455 1648 habebuntur?
474 1606 653 1664 quamquam
667 1588 774 1647 Circen
788 1606 906 1663 quoque
921 1590 1019 1650 coloni
1038 1592 1129 1650 nostri
1150 1593 1298 1652 Circeien-

252 1705 299 1745 ses
322 1686 454 1762 religiose
479 1686 586 1744 colunt
630 1686 708 1761 Ergo
733 1684 810 1743 hanc
832 1684 920 1745 deam
942 1686 1054 1746 duces?
1078 1687 1151 1764 quid
1171 1690 1299 1750 Medeae

252 1783 452 1860 respondebis,
474 1801 549 1858 quae
571 1781 687 1841 duobus
708 1782 777 1853 avis,
799 1783 865 1842 Sole
888 1793 917 1842 et
938 1784 1071 1858 Oceano,
1093 1788 1187 1845 Aeeta
1208 1799 1299 1863 patre,

216 1907 239 1946 ις
252 1891 343 1940 matre
366 1880 451 1957 Idyia
471 1889 623 1956 procreata
643 1882 709 1938 est?
735 1879 807 1955 quid
830 1880 914 1950 huius
934 1882 1058 1957 Absyrto
1079 1883 1165 1956 sratri,
1186 1885 1237 1960 qui
1257 1894 1302 1944 est

252 1977 332 2054 apud
358 1977 516 2036 Pacuvium
540 1977 715 2052 Aegialeus?
741 1976 795 2035 sed
819 1977 890 2036 illud
914 1997 1024 2036 nomen
1047 1991 1178 2039 veterum
1202 1981 1302 2041 litteris

252 2075 391 2133 usitatius.
434 2074 492 2148 Qui
518 2075 541 2132 si
565 2073 595 2132 di
621 2093 681 2132 non
705 2086 781 2145 sunt,
805 2092 915 2146 vereor,
936 2074 1008 2149 quid
1032 2085 1099 2151 agat
1124 2077 1180 2135 Ino
1191 2098 1199 2150 ;
1228 2077 1301 2137 haec

253 2171 331 2229 enim
352 2171 452 2229 omnia
475 2190 513 2229 err
536 2170 644 2230 eodem
668 2171 749 2228 sonte
774 2169 926 2230 fluxerunt.
969 2173 1016 2229 An
1036 2172 1228 2248 Amphiaraus
1249 2177 1302 2234 erit
1315 2192 1341 2233 ur

252 2266 326 2328 deus
349 2278 380 2328 et
402 2267 612 2344 Trophonius?
654 2267 754 2327 Nostri
778 2267 899 2344 quidem
927 2268 1085 2345 publicani,
1110 2273 1186 2330 cum'
1206 2283 1303 2332 essent

215 2368 312 2443 magri
339 2367 369 2426 in
398 2367 521 2426 Boeotia
548 2364 671 2425 deorum
698 2366 895 2425 inmortalium
923 2367 1041 2444 excepti
1068 2367 1133 2444 lege
1161 2371 1302 2445 censoria,

251 2466 397 2540 negabant
411 2464 569 2523 inmortalis
583 2481 647 2522 esse
666 2463 750 2534 ullos,
765 2464 815 2539 qui
836 2463 994 2539 aliquando
1015 2464 1150 2525 homines
1172 2468 1302 2530 luissent.

251 2560 310 2620 Sed
324 2561 348 2620 si
362 2571 429 2619 sunt
445 2561 475 2618 hi
493 2560 533 2632 di,
549 2569 593 2618 est
612 2569 690 2617 certe
712 2559 904 2630 Erechtheus,
920 2561 1002 2618 cuius
1024 2560 1147 2622 Athenis
1169 2573 1199 2622 et
1219 2564 1302 2624 delu-

249 2655 335 2714 brum
348 2655 473 2714 vidimus
487 2664 517 2713 et
531 2653 724 2712 sacerdotem.
763 2655 862 2727 Quem
876 2654 900 2712 si
914 2653 1004 2712 deum
1018 2655 1150 2727 iacimus,
1165 2658 1237 2732 quid
1252 2670 1302 2718 aut

251 2751 289 2808 de
304 2750 404 2809 Codro
419 2750 551 2808 dubitare
565 2767 720 2825 possumus
735 2757 784 2805 aut
802 2747 840 2806 de
859 2749 973 2816 ceteris,
988 2750 1039 2825 qui
1061 2763 1226 2826 pugnantes
1248 2772 1302 2828 pro

213 2870 237 2909 ‚s
251 2847 359 2921 patriae
378 2847 509 2904 libertate
526 2843 719 2903 ceciderunt?
739 2842 820 2919 quod
835 2844 858 2902 si
873 2844 1023 2920 probabile
1044 2863 1105 2903 non
1126 2857 1180 2919 est,
1195 2867 1232 2906 ne
1255 2849 1303 2907 illa

250 2942 370 3017 quidem
391 2942 548 3017 superiora,
569 2939 648 2998 unde
669 2939 744 2997 haec
764 2949 894 3012 manant,
913 2940 1066 3015 probanda
1086 2951 1162 3000 sunt.
1204 2946 1301 3020 Atque
1313 2964 1339 3005 ru

250 3040 280 3097 in
301 3039 445 3115 plerisque
466 3037 628 3096 civitatibus
649 3036 778 3111 intellegi
796 3045 894 3111 potest
908 3035 1062 3111 augendae
1076 3038 1187 3097 virtutis
1201 3041 1302 3114 gratia,

249 3154 309 3211 quo
323 3136 459 3194 libentius
473 3135 514 3193 rei
528 3133 661 3209 publicae
676 3151 765 3190 causa
783 3132 946 3208 periculum
964 3133 1057 3193 adiret
1077 3135 1204 3209 optimus
1224 3137 1301 3213 quis·

250 3250 318 3307 que,
338 3232 464 3290 virorum
486 3230 602 3289 sortium
622 3228 794 3288 memoriam
816 3229 928 3288 honore
951 3228 1075 3289 deorum
1097 3230 1302 3293 immortalium

213 3357 239 3396 ³0
250 3337 460 3387 consecratam.
502 3328 551 3386 Ob
565 3344 630 3385 eam
645 3326 724 3384 enim
739 3326 832 3401 ipsam
846 3345 965 3385 causam
983 3327 1166 3387 Erechtheus
1180 3329 1302 3394 Athenis

250 3425 383 3498 tiliaeque
405 3424 467 3480 eius
487 3423 517 3480 in
538 3439 660 3480 numero
679 3421 804 3480 deorum
820 3432 907 3494 sunt;
929 3423 1058 3498 itemque
1074 3427 1091 3496 †
1110 3425 1301 3484 Leonaticum

250 3529 294 3578 est
321 3519 474 3578 delubrum
502 3517 633 3589 Athenis,
657 3516 739 3592 quod
768 3518 934 3577 Leocorion
958 3520 1134 3579 nominatur.
1176 3521 1301 3580 Alaban-

250 3615 356 3675 denses
376 3614 496 3692 quidem
517 3613 644 3673 sanctius
664 3613 853 3673 Alabandum
873 3616 984 3686 colunt,
1000 3633 1018 3672 a
1036 3634 1096 3690 quo
1110 3626 1154 3675 est
1168 3617 1236 3677 urbs
1255 3617 1302 3676 illa

250 3712 379 3785 condita,
400 3730 489 3788 quam
512 3729 689 3787 quemquam
711 3711 853 3770 nobilium
875 3710 998 3770 deorum
1009 3731 1018 3786 3
1041 3711 1121 3788 apud
1142 3732 1217 3789 quos
1239 3733 1301 3774 non

213 3834 237 3874 ss
251 3810 390 3869 inurbane
412 3807 600 3880 Stratonicus,
616 3814 649 3867 ut
672 3807 772 3880 multa,
793 3825 863 3866 cum
883 3806 1004 3883 quidam
1025 3808 1053 3866 ei
1074 3809 1212 3869 molestus
1233 3810 1299 3870 Ala·
