2932 4364
514 410 581 460 Lm.
599 411 635 461 11.
668 409 910 462 cmxv11-x1x.
944 411 1077 476 ξμς-49.
1280 396 1321 479 ’93

265 559 349 637 quod
370 559 441 619 mihi
459 568 559 620 tamen
580 562 676 637 ipsum
697 580 758 620 non
771 562 904 637 videtur;
925 562 997 638 quid
1020 562 1099 620 enirn
1121 560 1269 636 pulchrius
1288 580 1325 621 ea

264 657 364 732 figura,
384 674 460 732 quae
481 658 543 716 sola
563 659 659 716 omnis
679 658 749 716 alias
772 660 876 734 figuras
899 658 1056 734 complexa
1065 658 1217 737 continet,
1233 677 1323 733 quae-

264 771 322 828 que
336 752 407 811 nihil
421 753 581 828 asperitatis
596 754 713 825 habere,
725 753 796 812 nihil
811 754 979 813 offensionis
994 762 1101 829 potest,
1113 753 1185 811 nihil
1199 754 1323 816 incisum

264 850 384 925 angulis,
394 849 464 908 nihil
473 850 658 922 anfractibus,
668 851 738 908 nihil
749 851 890 922 eminens,
902 850 973 909 nihil
987 851 1182 928 lacunosum?
1192 870 1323 928 ¹cumque

233 968 246 1008 s
265 945 341 1004 duae
356 946 466 1004 formae
481 956 661 1021 praestantes
675 947 741 1019 sint,
753 964 790 1004 ex
803 945 903 1005 solidis
914 946 1017 1021 globus
1034 947 1091 1022 (sic
1105 947 1184 1005 enim
1198 951 1324 1025 σφαῖραν

264 1040 443 1117 interpretari
454 1042 580 1118 placet),
592 1059 629 1099 ex
642 1042 736 1118 planis
750 1051 849 1100 autem
864 1043 988 1119 circulus
1003 1051 1053 1100 aut
1064 1043 1151 1115 orbis,
1161 1045 1212 1119 qui
1222 1044 1323 1106 κύκλος

265 1138 378 1196 Graece
393 1136 506 1208 dicitur,
522 1138 566 1196 his
580 1137 694 1196 duabus
708 1138 807 1196 formis
821 1138 964 1215 contingit
978 1139 1054 1210 solis,
1064 1149 1096 1197 ut
1109 1158 1212 1198 omnes
1223 1158 1323 1199 earum
1372 1171 1375 1178 ·

263 1243 359 1309 partes
373 1234 430 1291 sint
444 1233 519 1291 inter
531 1250 563 1292 se
582 1233 753 1292 simillumae
765 1233 949 1310 amedioque
961 1234 1133 1294 tantundem
1144 1236 1219 1295 absit
1229 1247 1323 1295 extre·

265 1348 355 1400 mum,
366 1347 426 1404 quo
440 1329 510 1387 nilril
524 1329 586 1386 fieri
599 1339 698 1405 potest
710 1330 816 1405 aptius.
856 1330 915 1390 Sed
928 1331 952 1390 si
966 1331 1041 1390 haec
1054 1351 1115 1390 non
1128 1331 1242 1403 videtis,
1253 1333 1323 1408 quia
1333 1343 1360 1386 ss

227 1454 253 1482 ιο
264 1444 425 1501 numquam
436 1425 583 1485 eruditum
594 1427 673 1485 illum
684 1428 834 1502 pulverem
847 1428 988 1503 attigistis,
999 1446 1036 1486 ne
1048 1428 1106 1487 hoc
1117 1428 1237 1504 quidem
1248 1429 1322 1506 phy·

265 1523 317 1582 sici
331 1523 497 1599 intellegere
511 1523 653 1599 potuistis,
664 1525 741 1581 hanc
753 1524 988 1600 aequabilitatem
1002 1535 1098 1584 motus
1114 1526 1323 1584 constantiam-

265 1639 323 1696 que
344 1619 479 1679 ordinum
500 1620 530 1679 in
544 1621 600 1678 alia
613 1621 706 1698 figura
725 1640 786 1681 non
807 1622 936 1698 potuisse
958 1623 1083 1682 servari?
1125 1624 1227 1699 ltaque
1250 1623 1322 1683 nibil

265 1730 363 1796 potest
383 1738 446 1779 esse
467 1719 623 1791 indoctius,
638 1739 727 1796 quarn
741 1719 822 1796 quod
842 1720 956 1780 avobis
969 1720 1115 1780 adfirmari
1129 1721 1212 1780 solet.
1237 1708 1240 1716 ’
1255 1722 1324 1781 Nec

266 1818 344 1876 enirn
365 1816 444 1876 hunc
468 1817 564 1892 ipsum
588 1816 731 1876 mundum
754 1834 808 1894 pro
830 1827 911 1876 certo
933 1816 1092 1876 rotundum
1116 1836 1180 1875 esse
1205 1818 1324 1891 dicitis3

229 1937 253 1975 ιε
266 1932 334 1971 narn
348 1931 435 1989 posse
449 1913 520 1984 fieri,
534 1923 567 1971 ut
581 1913 617 1971 sit
632 1914 686 1972 alia
700 1914 800 1989 ligura,
811 1914 1094 1989 innumerabilesque
1109 1913 1236 1973 mundos
1250 1914 1323 1973 alios

266 2010 384 2067 aliarum
407 2027 471 2066 esse
494 2009 660 2067 formarum.
704 2011 798 2083 Quae,
818 2010 851 2081 si,
872 2009 917 2067 bis
939 2009 1009 2068 bina
1030 2019 1103 2083 quot
1124 2019 1230 2080 essent,
1245 2009 1319 2067 didi·
1332 2022 1359 2063 to

266 2095 353 2163 cisset
375 2105 529 2179 Epicurus,
552 2113 630 2161 certe
654 2121 715 2161 non
739 2103 869 2175 diceret,
898 2103 952 2162 sed
974 2102 1046 2162 dum
1069 2104 1179 2185 palato,
1191 2102 1263 2178 quid
1284 2105 1321 2163 sit

266 2201 419 2276 optimum,
442 2200 560 2281 iudicat,
583 2199 696 2257 ‘caeli
719 2199 907 2275 palatum’,
928 2208 960 2257 ut
981 2199 1020 2257 ait
1041 2200 1164 2271 Ennius,
1179 2218 1240 2258 non
1261 2219 1320 2258 sus·

265 2297 356 2373 pexit.
400 2298 478 2354 Nam
502 2315 571 2355 cum
596 2294 657 2354 duo
681 2296 738 2354 sint
761 2313 869 2371 genera
892 2295 1030 2368 siderum,
1048 2314 1173 2371 quorum
1197 2297 1364 2355 altemmlll

228 2393 365 2470 ”spatiis
389 2393 604 2455 inmutabilibus
629 2393 667 2451 ab
691 2403 756 2451 ortu
780 2392 819 2451 ad
846 2411 986 2452 occasum
1010 2411 1182 2451 commeans
1209 2394 1320 2452 nullum

203 2521 207 2530 ·
266 2508 407 2565 umquam
420 2509 520 2549 cursus
535 2491 579 2548 sui
592 2490 746 2565 vestigium
766 2490 905 2560 inflectat,
919 2490 1041 2549 alterum
1052 2500 1152 2549 autern
1167 2489 1320 2550 continuas

267 2587 472 2655 conversiones
486 2586 559 2644 duas
578 2586 673 2644 isdem
695 2587 793 2661 spatiis
815 2586 1003 2660 cursibusque
1024 2587 1171 2659 conficiat,
1187 2605 1225 2644 ex
1242 2596 1320 2645 ,utra-

266 2699 324 2757 que
338 2699 369 2740 re
383 2692 412 2740 et
427 2681 529 2740 mundi
543 2682 714 2753 volubilitas,
729 2700 805 2757 quae
820 2681 875 2739 nisi
895 2682 926 2739 in
939 2682 1061 2756 globosa
1074 2683 1168 2741 forma
1181 2700 1245 2741 esse
1259 2687 1320 2740 non

265 2786 374 2853 posset,
389 2785 419 2835 et
433 2777 577 2836 stellamm
593 2776 712 2835 rotundi
734 2776 859 2835 ambitus
880 2786 1106 2852 cognoscuntur.
1149 2778 1319 2852 Primusque

229 2895 253 2935 as
266 2875 319 2945 sol,
333 2873 383 2949 qui
396 2884 538 2932 astromm
552 2880 633 2930 tenet
648 2873 854 2949 principatum,
868 2872 909 2931 ita
928 2883 1070 2946 movetur,
1085 2882 1126 2947 ut,
1140 2892 1210 2933 cum
1230 2883 1319 2932 terras

265 2970 344 3044 larga
357 2969 422 3027 luce
437 2969 635 3045 compleverit,
651 2969 771 3028 easdem
789 2968 882 3028 modo
896 2969 950 3041 his,
965 2969 1058 3028 modo
1072 2970 1125 3029 illis
1139 2987 1176 3028 ex
1189 2970 1318 3046 partibus

266 3075 392 3142 opacet;
413 3066 476 3142 ipsa
496 3066 575 3123 enim
597 3065 700 3124 umbra
721 3074 813 3124 terrae
836 3065 891 3123 soli
913 3065 1045 3124 officiens
1068 3074 1188 3123 noctem
1211 3065 1318 3137 efficit;

265 3158 475 3222 nocturnorum
502 3172 600 3220 autem
628 3163 789 3240 spatiorum
817 3161 922 3222 eadem
951 3172 995 3221 est
1022 3161 1219 3237 aequabilitas,
1243 3180 1318 3237 quae

266 3259 454 3333 diurnorum3
477 3259 668 3336 eiusdemque
689 3260 757 3319 solis
778 3268 841 3319 turn
856 3279 992 3318 accessus
1013 3258 1133 3331 modici,
1147 3268 1210 3318 turn
1223 3277 1318 3318 reces-

228 3383 254 3421 ιο
266 3376 314 3416 sus
335 3366 365 3416 et
385 3357 495 3433 frigoris
517 3368 547 3417 et
568 3359 671 3417 caloris
696 3357 819 3417 modurn
843 3367 1008 3435 temperant
1018 3378 1027 3431 ;
1049 3356 1217 3415 circumitus
1241 3356 1319 3415 enim

266 3455 333 3512 solis
347 3455 462 3513 orbium
475 3472 495 3534 y
509 3464 539 3513 et
552 3472 592 3512 ux
606 3465 635 3513 et
649 3472 704 3515 ccc
718 3465 821 3529 quarta
834 3456 893 3514 sere
907 3455 966 3513 diei
988 3463 1069 3531 parte
1084 3453 1185 3512 addita
1199 3471 1319 3512 conver·
1333 3473 1352 3526 Λ

243 3621 245 3624 ¹
266 3551 379 3609 sionem
393 3551 555 3609 conficiunt
567 3570 704 3623 annuam,
720 3551 872 3610 inflectens
889 3561 986 3610 autem
1008 3541 1052 3610 sol
1073 3546 1190 3609 cursum
1204 3560 1266 3608 tum
1280 3549 1320 3608 ad

256 3648 487 3726 septentriones,
509 3658 572 3706 turn
598 3647 637 3707 ad
663 3647 815 3707 meridiem
840 3658 964 3706 aestates
988 3658 1017 3706 et
1042 3648 1153 3706 hiemes
1178 3646 1267 3705 efficit
1290 3657 1320 3704 et

267 3762 302 3802 ea
322 3743 382 3802 duo
403 3747 545 3820 tempora,
566 3763 691 3819 quorum
712 3745 833 3802 alterum
854 3743 943 3802 hiemi
964 3744 1129 3803 senescenti
1149 3743 1320 3802 adiunctum

229 3861 253 3901 as
266 3851 320 3913 est,
341 3841 462 3899 alterum
486 3841 597 3900 aestati.
640 3843 686 3900 Ita
709 3858 746 3899 ex
767 3849 903 3915 quattuor
924 3849 1090 3916 temporum
1112 3841 1320 3899 mutationibus
