2932 4364
224 369 294 433 106,
548 381 598 432 on
618 381 764 433 aarum
786 380 946 431 uaonun.

221 554 330 596 casune
354 536 417 614 ipse
446 535 483 595 sit
507 535 628 595 effectus
652 544 703 593 aut
726 533 900 593 necessitate
923 535 1019 612 aliqua
1041 553 1079 614 an
1103 536 1216 595 ratione
1239 553 1276 595 ac

220 646 319 696 ruente
333 634 441 709 divina,
455 644 485 693 et
499 632 707 692 Archimedem
720 631 891 691 arbitrantur
904 633 968 709 pius
981 633 1103 693 valuisse
1117 633 1148 692 in
1162 634 1276 692 imitan-

221 733 266 792 dis
280 731 422 809 sphaerae
436 730 675 789 conversionibus
690 747 778 805 quam
799 740 931 787 naturam
953 729 983 787 in
1004 729 1176 801 efficiendis,
1191 748 1274 806 prae,-

221 831 320 888 sertim
334 846 403 886 cum
416 827 513 886 multis
527 827 656 908 partibus
670 825 728 884 sint
742 826 789 883 ilia
803 826 933 901 perfecta
946 844 1035 901 quam
1048 826 1123 884 haec
1144 827 1276 885 simulata

184 938 210 980 so
222 925 372 987 sollertius.
414 924 503 1001 Atqui
517 923 564 981 iile
578 921 658 998 apud
674 922 797 980 Accium
811 933 919 998 pastor,
934 923 983 1000 qui
997 940 1103 982 navem
1116 941 1277 999 numquam
1296 943 1308 983 s

171 1019 175 1026 ’
222 1034 290 1082 ante
303 1022 433 1096 vidisset,
448 1031 480 1080 ut
493 1020 596 1097 procui
610 1018 742 1079 divinum
761 1028 790 1081 et
810 1037 920 1079 novum
940 1019 1106 1080 vehiculum
1126 1023 1276 1096 Argonau-

206 1131 316 1180 tarum
336 1138 361 1179 e·
376 1127 477 1179 monte
498 1116 661 1195 conspexit,
683 1116 778 1194 primo
799 1116 946 1181 admirans
967 1128 997 1177 et
1024 1119 1191 1195 perterritus
1219 1117 1278 1177 hoc

192 1216 196 1227 '
223 1217 471 1295 modoloquitur:

267 1324 268 1327 ¹
759 1287 877 1358 Tanta
903 1297 1018 1354 moles
1045 1296 1185 1356 labitur

264 1393 513 1455 Fremibhnda
547 1411 590 1452 ex
619 1393 696 1452 aito
727 1392 870 1468 ingenti
902 1393 1024 1451 sonitu
1060 1403 1095 1451 et
1129 1392 1316 1469 spiritu.¹⁰

264 1493 351 1550 Prae
378 1510 416 1550 se
443 1489 560 1549 rindas
587 1489 717 1562 volvit,
740 1489 904 1550 vertices
932 1489 1165 1562 visr'rscitat,

165 1648 168 1655 ,
263 1589 352 1646 Ruit
378 1587 566 1663 prolapsa,
592 1586 747 1662 pelagus
774 1589 975 1661 respergit,
998 1585 1124 1645 reiiat.

264 1685 320 1741 Ita
347 1682 430 1741 dum
458 1685 703 1757 interruptum
732 1680 865 1740 credas
892 1680 1053 1739 nimbum
1080 1680 1237 1754 volvier,

264 1779 356 1837 Dum
383 1777 482 1853 qubd
509 1776 665 1836 sublime
692 1776 814 1835 ventis
842 1777 1035 1852 expulsum
1062 1777 1141 1852 rapi

265 1875 394 1934 Saxum
421 1877 483 1933 adt
509 1873 700 1950 procellis,
723 1873 781 1931 vel
807 1872 982 1949 globosos
1010 1874 1177 1933 turbines
1293 1887 1317 1929 ις
1341 1942 1343 1946 Ι

266 1973 436 2031 Existere
464 1971 559 2031 ictos
585 1969 696 2029 vindis
724 1970 1050 2044 concursAntibus,

266 2069 346 2128 Nisi
373 2070 462 2146 quas
489 2067 678 2128 terrestris
705 2070 841 2145 pontus
868 2077 1010 2145 strages
1037 2068 1204 2144 conciet,

266 2169 336 2224 Aut
363 2165 458 2224 forte
485 2165 615 2224 Triton
642 2164 788 2223 idscina
814 2167 984 2224 evertens
1011 2183 1145 2241 specus
1240 2186 1241 2189 ¹

267 2262 400 2321 Subter
426 2260 572 2319 radices
598 2259 749 2335 penitus
775 2257 932 2318 undanti
959 2264 995 2318 in
1023 2261 1119 2320 ireto

267 2357 402 2416 Molem
429 2359 471 2415 ex
498 2352 682 2433 profundo
710 2355 855 2412 saxeam
882 2354 926 2414 ad
959 2357 1102 2416 caelum
1129 2357 1239 2417 eruit.
1292 2375 1319 2405 ¹0

227 2491 349 2580 Dubitat
366 2519 470 2597 primo,
486 2537 561 2595 quae
579 2518 616 2577 sit
629 2536 665 2577 ea
678 2528 790 2590 natura,
805 2536 895 2595 quam
916 2517 1009 2577 cernit
1030 2518 1169 2596 ignotam,
1184 2519 1277 2579 idem·

226 2635 284 2694 que
298 2617 450 2676 iuvenibus
463 2616 531 2675 visis
545 2613 705 2692 auditoque
720 2615 838 2675 nautico
852 2624 959 2675 cantu:

236 2781 371 2857 †Sicut
397 2781 505 2840 inciti
533 2790 641 2856 atque
669 2781 811 2840 alacres
838 2779 972 2840 rostris
998 2781 1228 2857 perfremunt

269 2877 448 2952 Delphini
472 2881 489 2951 †
515 2878 604 2935 item
631 2876 704 2966 alia
730 2878 843 2935 multa
870 2877 1010 2936 Silvani
1038 2879 1133 2936 melo
1228 2934 1230 2938 ,

268 2972 507 3032 Consimiiem
534 2972 577 3030 ad
605 2990 710 3030 aures
738 2975 886 3030 cintum
911 2981 941 3030 et
962 2972 1127 3031 auditrim
1151 2973 1319 3037 refertas

190 3150 215 3190 ao
229 3137 308 3210 Ergo
321 3144 355 3193 ut
368 3134 417 3192 hic
430 3135 526 3210 primo
537 3144 658 3209 aspectu
673 3135 833 3192 inanimum
844 3133 987 3209 quiddam
1001 3152 1147 3210 sensuque
1156 3155 1282 3195 vacuum

227 3250 259 3290 se
273 3241 356 3308 putat
371 3248 498 3303 cernere,
513 3241 581 3306 post
599 3240 698 3288 autem
718 3230 807 3305 signis
827 3230 1107 3306 certioribusquaie
1129 3233 1166 3291 sit
1187 3232 1227 3304 id,
1242 3232 1281 3291 de

227 3347 288 3403 quo
311 3327 499 3398 dubitaverat,
517 3327 619 3401 incipit
640 3326 789 3400 suspicari,
811 3326 853 3383 sic
874 3326 1043 3401 philosophi
1065 3326 1239 3401 debuerunt,
1258 3330 1282 3388 si
1349 3324 1353 3334 ’

227 3424 301 3481 sorte
326 3440 377 3480 eos
405 3419 516 3496 primus
537 3431 672 3496 aspectus
697 3421 800 3479 mundi
824 3422 1056 3494 conturbaverat,
1077 3433 1283 3503 posteacum

227 3518 367 3577 vidissent
382 3527 478 3575 motus
493 3517 554 3574 eius
569 3517 666 3575 finitos
680 3526 710 3575 et
724 3517 891 3592 aequabiles
906 3519 1064 3593 omniaque
1085 3520 1152 3578 ratis
1174 3515 1282 3579 ordini·
1296 3545 1322 3582 ³0

227 3616 282 3674 bus
306 3612 458 3672 moderata
479 3613 698 3688 inmutabilique
724 3615 896 3686 constantia,
921 3614 1089 3690 intellegere
1113 3616 1208 3675 inesse
1233 3618 1282 3676 ali·
1315 3667 1318 3673 .

227 3729 317 3786 quem
331 3728 392 3768 non
406 3709 501 3767 solum
515 3709 709 3768 habitatorem
731 3709 761 3767 in
784 3709 839 3768 hac
863 3711 981 3769 caelesti
1003 3730 1039 3768 ac
1061 3712 1160 3770 divina
1181 3713 1293 3785 domo,

226 3806 388 3866 sedetiam
408 3815 554 3864 rectorem
576 3814 606 3863 et
627 3804 842 3864 moderatorem
865 3818 894 3865 et
917 3816 1067 3883 tamquam
1091 3809 1284 3868 architectum
