2932 4364
414 348 481 400 Lm.
499 351 521 401 1.
553 350 909 401 craxxxvr-xxxvm.
942 351 973 416 ςς
988 361 1107 417 too-105.
1250 337 1292 418 63

243 501 314 561 nilril
334 502 496 561 cessatione
518 503 621 561 melius
643 503 802 561 existimat·
837 503 876 576 At
894 502 949 578 ipsi
971 510 1068 562 tamen
1089 501 1181 580 pueri,
1204 504 1335 572 etiamst

243 616 312 655 cum
326 607 450 668 cessant,
465 599 672 657 exercitatione
686 599 783 673 aliqua
796 596 908 656 ludicra
926 597 1127 672 delectantur,
1148 598 1295 670 deumgsic

243 693 375 751 feriatum
397 693 531 752 volumus
555 681 718 752 cessatidne
749 702 874 769 torpere,
903 701 945 766 ut,
976 692 1000 752 si
1030 711 1062 753 se
1093 698 1292 770 commoverit,

242 806 401 861 vereamur,
419 807 458 848 ne
477 789 580 850 beatus
596 807 660 848 esse
679 807 741 849 non
759 789 871 866 possit?
912 791 999 849 Haec
1016 792 1110 850 oratio
1125 811 1186 853 non
1202 796 1293 854 modo
1345 787 1347 792 ’

211 905 224 945 s
243 870 315 943 deos
334 885 438 960 spoliat
454 893 537 944 motu
554 894 585 943 et
603 885 718 944 actione
739 885 846 958 diviua,
865 883 1026 947 sedetiam
1045 887 1179 948 homines
1195 890 1293 950 inertis

242 980 339 1053 efficit,
363 979 509 1057 siquidem
532 998 622 1058 agens
639 979 758 1057 aliquid
784 998 823 1040 ne
850 979 924 1042 deus
951 983 1073 1059 quidem
1099 1004 1164 1044 esse
1191 987 1293 1048 beatus

241 1085 347 1152 potest,
608 1143 610 1148 y
841 1100 843 1105 ·

280 1173 389 1232 Vemrn
410 1172 448 1232 sit
468 1191 547 1246 sane,
570 1182 603 1233 ut
626 1173 720 1246 vultis,
743 1171 817 1233 deus
839 1174 961 1252 effigies:
975 1176 1100 1237 hominis
1124 1188 1154 1237 et
1175 1178 1271 1256 imago
1281 1199 1335 1253 ,ma

231 1267 322 1342 ¹quod
335 1268 397 1327 eius
410 1277 455 1328 est
469 1268 671 1343 domicilium?
690 1287 766 1345 quae
780 1270 888 1329 sedes?
907 1272 957 1346 qui
970 1273 1077 1333 locus?
1092 1292 1168 1350 quae
1183 1273 1291 1334 deinde

204 1385 229 1413 ιο
241 1363 317 1422 actio
340 1363 438 1435 vitae?
456 1364 562 1440 quibus
586 1364 682 1436 rebus,
706 1363 738 1423 id
762 1365 845 1441 quod
868 1367 962 1439 vultis,
988 1368 1090 1427 beatus
1112 1370 1176 1428 esti
1195 1380 1291 1429 utatur

241 1458 319 1529 enim
332 1459 391 1519 suis
404 1460 489 1520 bonis
503 1469 620 1536 oportet
632 1462 790 1535 elimatur,
805 1462 858 1537 qui
871 1462 973 1523 beatus
988 1464 1098 1534 iuturus
1117 1475 1180 1535 est-
1212 1467 1291 1527 Nam

239 1554 322 1615 locus
335 1555 457 1633 quidem
478 1556 512 1617 iis
533 1558 621 1616 etiam
641 1557 851 1634 naturis,quae
868 1559 930 1619 sine
948 1560 1052 1620 animis
1069 1570 1229 1634 ,suntsuus
1247 1574 1291 1623 est

241 1655 346 1732 cuique
367 1655 514 1734 proprius,
531 1662 568 1718 ut
587 1664 663 1715 terra
682 1655 821 1716 infimum·
835 1665 943 1731 teneat,
964 1655 1049 1729 hanc
1061 1657 1185 1718 inundet
1205 1677 1289 1736 aqua,

240 1747 370 1830 superior
387 1753 613 1828 altit-&aetheriis
633 1753 748 1830 ignibus
769 1753 911 1839 altissima
923 1772 975 1814 ora
991 1753 1138 1816 reddatur.
1159 1757 1290 1830 :Bestiaff

204 1869 305 1913 rarum
326 1860 425 1911 autem
447 1859 580 1922 terrenae
604 1860 681 1922 suut,
695 1851 782 1925 aliae,
803 1851 907 1928 partim
935 1851 1083 1926 aquatiles,
1110 1853 1183 1912 aliae
1209 1856 1292 1929 quasi

240 1948 382 2024 aucipites
399 1948 571 2025 inutraque
589 1947 662 2008 sede
672 1949 827 2020 ⁴triventes3
848 1957 915 2006 sunt
933 1947 1080 2023 quaedam
1101 1949 1204 2022 etiam,
1216 1968 1292 2024 quae

240 2043 307 2119 igne
320 2043 403 2104 nasci
415 2053 554 2120 putentur
566 2030 789 2120 appareantque·
797 2043 829 2102 in
842 2041 1010 2102 ardentibus
1024 2044 1189 2112 lomacibus
1203 2064 1292 2120 saepe

239 2126 420 2249 volitantesff
431 2153 433 2159 ·
451 2139 570 2215 Quaero
597 2139 691 2215 igitur,
718 2146 814 2198 vester
839 2137 913 2198 deus
941 2137 1066 2213 primum
1094 2138 1144 2198 ubi
1171 2139 1336 2212 habitet,1⁰⁴

241 2233 349 2315 deinde
374 2253 459 2311 ,quae
474 2269 477 2275 ·
493 2253 583 2296 causa
616 2253 685 2304 eum
717 2235 785 2304 loco
819 2243 945 2306 moveat,
976 2233 1002 2293 si
1034 2233 1126 2294 modo
1159 2245 1293 2296 movetur
1329 2271 1331 2276 ,

203 2351 230 2380 ω
240 2329 409 2409 aliquando,
423 2349 519 2408 porro,
530 2319 605 2398 ,cum
622 2331 681 2391 hoc
697 2331 847 2408 proprium
863 2331 900 2390 sit
914 2330 1115 2404 animantium,
1132 2341 1164 2390 ut
1183 2333 1292 2409 aliquid

239 2425 389 2503 adpetant,
403 2427 486 2503 quod
499 2428 536 2487 sit
549 2437 668 2488 naturae
684 2426 953 2500 accommodatum,
975 2425 1049 2486 deus
1069 2425 1142 2502 quid
1161 2439 1290 2505 appetat,

218 2535 224 2546 '
239 2519 279 2581 ad
298 2517 535 2598 quamdenique
553 2541 616 2583 rem
630 2532 713 2584 motu
726 2524 832 2583 mentis
846 2542 883 2582 ac
896 2523 1007 2582 ratione
1022 2532 1126 2595 utatur,
1140 2535 1291 2610 postremo

239 2635 300 2692 quo
323 2617 416 2679 modo
437 2619 540 2692 beatus
564 2620 610 2692 sit,
634 2637 695 2695 quo
723 2618 816 2680 modo
841 2627 984 2678 aeternus.
1036 2619 1187 2694 Quicquid
1210 2622 1290 2681 euim

239 2710 344 2772 horum
370 2713 507 2790 attigeris,
534 2714 617 2791 ulcus
644 2723 714 2774 est.
736 2715 794 2774 ita
820 2714 896 2773 male
923 2713 1054 2773 instituta
1080 2714 1153 2773 ratio
1180 2717 1290 2776 exitum

201 2807 363 2884 »stepenre
386 2826 448 2868 nou
470 2816 577 2886 potest.
604 2810 666 2877 ¹Sic
689 2808 769 2869 enim
796 2808 926 2882 dicebas,
951 2808 1081 2885 speciem
1104 2808 1154 2869 dei
1177 2812 1333 2887 percipiwt

238 2903 424 2980 cogitatione,
437 2923 500 2965 non
513 2923 610 2978 sensu,
624 2924 682 2965 nec
696 2906 806 2966 esse-in
820 2924 856 2965 ea
876 2905 965 2965 ullam
986 2903 1171 2978 soliditatem,
1192 2924 1288 2982 neque

239 3000 365 3060 eandem
380 3001 418 3060 ad
431 3019 586 3072 numemm
599 3019 778 3077 permanere,
794 3018 920 3077 eamque
934 3020 998 3061 esse
1015 3000 1076 3061 eius
1091 3001 1242 3075 visionem,
1257 3015 1290 3064 ut

238 3095 423 3156 similitudine
442 3104 473 3156 et
490 3083 659 3156 transitione
677 3105 819 3169 cematur,
839 3115 936 3173 neque
955 3097 1074 3157 deficiat
1091 3115 1231 3174 umquam
1253 3117 1290 3157 ex

238 3192 354 3253 infinitis
368 3193 538 3270 corporibus
554 3192 690 3252 similium
708 3193 848 3267 accessio,
864 3211 1014 3270 cneoque
1030 3195 1102 3274 gen,
1119 3204 1152 3253 ut
1168 3194 1199 3253 iu
1215 3195 1288 3255 haec

201 3309 227 3348 ³0
238 3289 349 3347 intenta
361 3307 444 3348 meus
458 3298 557 3348 nostra
570 3288 685 3349 beatam
699 3288 776 3348 illam
789 3298 923 3348 naturam
936 3296 967 3348 et
979 3291 1186 3366 sempitenram
1196 3301 1287 3367 putet.

239 3386 318 3456 Hoc,
339 3402 393 3461 per
411 3385 490 3459 ipsos
511 3384 594 3456 deos,
615 3376 653 3442 de
674 3384 780 3460 quibus
800 3384 955 3461 loquimur,
976 3387 1062 3460 quale
1081 3386 1202 3446 tandem
1223 3389 1331 3464 esti-88

238 3480 316 3537 Nam
330 3479 354 3538 si
369 3488 482 3537 tantum
497 3478 588 3537 modo
602 3478 641 3536 ad
655 3479 864 3555 cogitationem
877 3480 975 3538 valent
991 3497 1048 3538 nec
1070 3480 1178 3540 habent
1200 3482 1287 3541 ullam

237 3573 413 3633 soliditatem
440 3591 497 3633 nec
525 3574 723 3646 eminentiam,
751 3572 824 3649 quid
855 3574 983 3647 interest,
1013 3584 1110 3634 utrum
1140 3575 1179 3635 de
1210 3578 1285 3652 Hip-

236 3679 417 3746 pocentauro
430 3689 468 3729 an
482 3669 522 3729 de
536 3669 594 3729 deo
614 3670 798 3746 cogitemus?
817 3688 937 3728 omnem
959 3671 1038 3729 enim
1062 3671 1149 3730 talem
1171 3673 1285 3733 consor·

200 3789 225 3831 aa
237 3766 397 3826 mationem
420 3766 511 3825 animi
536 3764 627 3826 ceteri
651 3765 820 3843 philosophi
839 3775 953 3826 motum
969 3766 1086 3826 inanem
1104 3778 1219 3842 vocant,
1233 3789 1287 3840 vos,
