2932 4364
515 383 581 434 mn.
593 383 630 432 11.
665 384 727 434 cn.
739 382 879 435 x11-x1v.
913 386 1043 452 §531-37.
1262 376 1306 456 89

252 535 417 611 gignuntur,
432 534 538 611 qulbus
551 553 570 592 a
583 535 727 612 principio
748 536 906 595 innascitur
918 537 991 596 ratio
1004 547 1085 596 recta
1098 547 1305 618 constansque,

254 647 330 704 quae
358 647 445 705 supra
472 629 622 689 hominem
650 629 782 707 putanda
809 640 853 689 est
880 629 997 706 deoque
1025 632 1188 705 tribuenda,
1209 634 1241 694 id
1262 644 1306 694 est

254 725 375 797 mundo,
397 726 509 799 inquo
533 742 655 784 necesse
677 736 721 785 est
745 726 905 802 perfectam
929 727 1006 785 illam
1032 736 1119 803 atque
1144 730 1306 789 absolutam

253 822 348 879 inesse
363 821 515 880 rationem.
558 822 664 896 Neque
685 822 764 881 enim
781 821 841 881 dici
861 831 959 899 potest
981 823 1010 881 in
1031 824 1088 881 ulla
1109 843 1204 884 rerum
1226 826 1305 884 insti·
1317 824 1380 884 tul.

223 935 235 974 s
254 917 365 976 tutione
380 935 440 975 non
455 934 520 976 esse
536 917 648 998 aliquid,
667 929 830 977 extremum
850 929 939 994 atque
960 920 1132 994 perlectum.
1172 922 1214 982 Ut
1228 921 1307 980 enim

254 1013 285 1072 in
305 1014 372 1086 vite,
394 1013 476 1073 utin
497 1013 623 1090 pecude,
644 1015 699 1074 nisi
720 1015 859 1092 quaevis
883 1016 1003 1090 obstitit,
1017 1016 1151 1076 videmus
1175 1025 1306 1076 naturam

254 1129 308 1187 suo
323 1110 453 1186 quodam
468 1109 570 1169 itinere
591 1111 630 1171 ad
650 1112 783 1171 ultimum
805 1114 966 1189 pervenire,
980 1123 1068 1190 atque
1089 1123 1122 1174 ut
1142 1114 1256 1191 pictura
1277 1123 1307 1173 et

255 1209 364 1267 fabrica
377 1217 551 1284 ceteraeque
568 1218 643 1267 artes
664 1209 774 1269 habent
788 1211 937 1285 quendam
958 1211 1083 1270 absoluti
1104 1211 1200 1288 operis
1220 1211 1306 1270 effec-

255 1316 326 1377 tum,
348 1306 441 1364 sicin
463 1305 545 1364 omni
568 1315 680 1378 natura,
701 1325 737 1365 ac
762 1307 854 1365 multo
882 1307 970 1366 etiam
995 1307 1096 1384 magis,
1117 1327 1238 1368 necesse
1263 1307 1307 1368 es't

219 1424 244 1452 ιο
256 1402 365 1460 absolvi
389 1401 498 1478 aliquid
521 1421 557 1460 ac
580 1402 691 1479 perfici.
735 1403 853 1462 Etenim
879 1405 982 1463 ceteris
1010 1406 1118 1463 naturis
1141 1405 1232 1464 multa
1256 1423 1305 1464 ex-

255 1509 346 1571 terna,
374 1517 434 1574 quo
467 1499 563 1558 minus
590 1500 786 1576 perficiantur,
814 1511 937 1576 possunt
964 1502 1114 1574 obsistere,
1143 1502 1306 1562 universam

257 1607 354 1656 autem
368 1606 500 1656 naturam
514 1597 592 1655 nulla
605 1616 651 1656 res
664 1607 762 1673 potest
778 1597 931 1674 impedire,
945 1608 1102 1674 propterea
1114 1598 1197 1674 quod
1211 1599 1306 1659 omnis

256 1703 371 1753 naturas
396 1695 459 1771 ipsa
482 1694 601 1767 cohibet
624 1705 654 1753 et
678 1695 818 1754 continet.
861 1695 1009 1770 Quocirca
1032 1714 1153 1755 necesse
1178 1705 1222 1755 est
1243 1714 1306 1756 esse
1326 1706 1343 1732 ⁶

257 1802 391 1867 quartum
405 1792 484 1850 illum
499 1801 529 1850 et
542 1792 713 1850 altissimum
727 1791 859 1868 gradum,
874 1811 934 1868 quo
955 1793 1034 1851 nulla
1046 1793 1089 1852 vis
1109 1793 1202 1869 possit
1221 1811 1306 1852 accea

220 1914 243 1952 rs
256 1890 335 1948 dere.
378 1890 408 1947 Is
422 1898 520 1946 autem
534 1898 578 1946 est
591 1888 707 1964 gradus,
722 1889 752 1947 in
766 1907 827 1964 quo
840 1907 935 1947 rerum
949 1889 1081 1947 omnium
1102 1898 1205 1948 natura
1224 1885 1387 1966 ponitis·

256 1995 320 2059 tur;
342 2004 418 2060 quae
432 1985 571 2060 quoniam
586 1987 649 2043 talis
664 1994 718 2057 est,
732 1995 764 2044 ut
785 1995 815 2044 et
834 1985 942 2061 praesit
957 1985 1094 2044 omnibus
1108 1983 1217 2045 et'eam
1231 1987 1309 2046 nulla

257 2100 301 2140 res
315 2083 406 2158 possit
421 2080 562 2156 inpedire,
577 2099 698 2140 necesse
724 2081 1006 2156 est-intellegentem
1028 2098 1092 2140 esse
1113 2082 1257 2141 mundum
1279 2091 1308 2142 et

257 2177 376 2253 quidem
392 2178 479 2235 etiam
494 2177 667 2252 sapientem.
709 2176 790 2251 Quid
805 2185 903 2234 autem
925 2162 968 2235 est
990 2177 1120 2236 inscitius
1133 2195 1222 2253 quam
1243 2197 1309 2238 eam

257 2284 397 2345 naturam,
412 2291 488 2349 quae
512 2274 608 2332 omnis
625 2292 671 2331 res
691 2273 728 2332 sit
748 2273 902 2349 conplexa,
917 2291 978 2332 non
999 2283 1151 2350 optumam
1166 2274 1234 2348 dici,
1249 2284 1308 2348 aut,

220 2399 245 2427 ω
257 2390 324 2430 cum
340 2373 376 2430 sit
397 2380 527 2448 optuma,
542 2389 604 2429 non
624 2371 750 2446 primurn
771 2370 950 2428 animantem
971 2389 1045 2443 esse,
1061 2370 1170 2430 deinde
1190 2369 1323 2432 rationis

257 2477 287 2526 et
306 2468 419 2526 consilii
440 2476 620 2543 compotem,
634 2476 785 2541 postremo
805 2466 990 2540 sapientem?
1030 2468 1089 2541 Qui
1112 2469 1190 2526 enirn
1212 2478 1310 2543 potest

257 2563 338 2620 aliter
361 2580 425 2620 esse
449 2564 592 2636 optuma?
633 2562 739 2635 Neque
764 2561 852 2631 enim,
873 2562 897 2618 si
921 2562 1053 2635 stirpium
1077 2563 1176 2621 similis
1200 2564 1236 2621 sit
1259 2573 1309 2622 aut

257 2656 344 2714 etiam
366 2656 532 2726 bestiarum,
553 2665 675 2730 optuma
696 2654 828 2729 putanda
849 2655 886 2713 sit
907 2655 1004 2729 potius
1025 2673 1113 2729 quam
1135 2655 1307 2729 deterruma,

256 2768 313 2809 nec
333 2768 411 2822 vero,
432 2751 457 2808 si
480 2750 599 2808 rationis
623 2750 769 2826 particeps
794 2751 830 2808 sit
854 2768 910 2808 nec
938 2751 975 2808 sit
1002 2760 1101 2808 tamen
1124 2769 1143 2809 a
1166 2752 1309 2827 principio

220 2870 244 2908 2⁵
257 2846 382 2920 sapiens,
396 2846 507 2904 nonsit
521 2845 649 2904 deterior
663 2845 766 2905 mundi
786 2845 884 2921 potius
899 2863 988 2921 quam
1010 2846 1138 2904 humana
1151 2833 1308 2920 condicio}
1328 2853 1348 2905 ‘l

257 2941 347 3001 homo
368 2942 447 3000 enim
468 2942 584 3017 sapiens
605 2942 666 3000 lieri
690 2951 795 3017 potest,
818 2941 945 3000 mundus
966 2951 1064 3000 autem
1088 2942 1112 3000 si
1136 2942 1166 3000 in
1190 2952 1309 3001 aeterno

257 3039 402 3115 praeteriti
430 3039 568 3115 temporis
596 3039 691 3115 spatio
718 3039 771 3098 suit
807 3039 955 3115 insipiens,
983 3057 1144 3115 numquam
1177 3040 1309 3115 prolecto

257 3137 430 3214 sapientiam
450 3145 647 3212 consequetur
657 3157 666 3210 ;
687 3137 728 3196 ita
747 3136 800 3196 erit
820 3136 939 3197 homine
955 3136 1089 3196 deterior.
1132 3136 1223 3211 Quod
1236 3155 1308 3213 quo-

258 3235 336 3294 niam
359 3234 517 3294 absurdum
542 3243 595 3306 est,
620 3242 650 3292 et
674 3235 790 3311 sapiens
814 3253 832 3292 a
856 3234 1000 3311 principio
1028 3233 1156 3293 mundus
1183 3243 1213 3293 et
1236 3233 1310 3294 deus

221 3357 246 3395 ³0
259 3333 411 3393 habendus
428 3342 481 3391 est.
524 3333 630 3408 Neque
651 3333 731 3391 enim
752 3342 796 3390 est
809 3324 969 3408 quicquam
989 3330 1068 3391 aliud
1090 3339 1205 3406 praeter
1226 3343 1309 3390 mun·
1322 3351 1347 3394 at

259 3429 340 3500 dum,
355 3429 403 3487 cui
417 3430 488 3487 nihil
501 3429 584 3500 absit,
599 3428 739 3504 qnodque
760 3429 891 3505 undique
913 3438 1014 3504 aptum
1037 3437 1125 3502 atque
1147 3429 1310 3503 perfectum

259 3527 466 3600 expletumque
480 3525 516 3582 sit
530 3525 666 3583 omnibus
680 3526 739 3583 suis
759 3525 895 3583 numeris
908 3533 938 3582 et
958 3524 1100 3598 partibus
1137 3524 1215 3583 Scite
1230 3525 1308 3582 enini
1318 3531 1354 3586 14

224 3605 226 3609 Α
260 3621 448 3696 Chrysippus,
464 3629 495 3678 ut
516 3621 602 3695 clipei
623 3638 712 3678 causa
731 3620 922 3690 involucrum,
936 3619 1070 3694 vaginam
1093 3628 1191 3677 autem
1213 3619 1310 3694 gladii,

259 3716 302 3774 sic
316 3726 431 3792 praeter
443 3716 587 3774 mundum
602 3716 813 3773 ceteraomnia
825 3715 947 3773 aliorum
969 3732 1058 3772 causa
1078 3731 1142 3772 esse
1162 3723 1309 3789 generata,

223 3831 248 3872 ³5
260 3819 292 3871 ut
306 3830 355 3872 eas
369 3813 464 3889 fruges
478 3821 565 3888 atque
580 3810 697 3885 smctus',
712 3830 787 3887 quos
801 3821 876 3870 terra
893 3811 993 3887 gignit,
1007 3809 1199 3869 animantium
1213 3828 1309 3882 causa,
