2932 4364
161 351 219 413 108
236 383 238 388 ,
485 362 535 411 na
555 361 702 412 unauna
722 361 883 412 naoaun.

155 534 193 576 ex
207 514 389 591 corpusculis
410 532 472 573 non
495 515 600 584 calore,
616 532 676 572 non
699 515 837 590 qualitate
857 515 962 591 aliqua,
977 533 1067 592 quam
1080 516 1216 593 ποιότητα

157 615 264 677 Graeci
277 623 393 686 vocant,
407 631 469 671 non
490 630 578 671 sensu
598 611 746 688 praeditis,
768 611 822 670 sed
843 613 1082 674 concurrentibus
1102 624 1213 673 temere
1241 642 1244 649 .

156 724 244 789 atque
259 731 329 770 casu
344 710 488 768 mundum
502 727 566 768 esse
581 710 753 785 perfectum,
767 710 814 767 vel
832 709 1057 771 innumerabiles
1074 713 1172 788 potius
1185 712 1216 770 in

157 811 238 869 omni
253 819 364 886 puncto
380 807 520 883 temporis
537 807 608 865 alios
623 807 714 879 nasci,
729 806 801 865 alios
818 805 955 866 interire?
996 808 1111 882 Quodsi
1131 828 1215 867 mun-

158 907 229 965 dum
257 906 373 964 efficere
402 914 501 980 potest
525 921 685 961 concursus
714 913 888 975 atomorum,
913 922 965 962 cur
987 905 1142 980 porticum,
1164 923 1248 964 curs

158 1003 309 1079 templum,
330 1021 383 1061 cur
406 999 539 1072 domum,
562 1018 614 1058 cur
632 1000 734 1059 urbem
756 1017 817 1058 non
837 1002 957 1076 potest?
976 1019 1051 1077 quae
1073 1010 1142 1059 sunt
1162 1001 1215 1059 mi·

158 1119 213 1160 nus
233 1117 357 1176 operosa
377 1107 408 1158 et
432 1099 524 1157 multo
546 1097 667 1175 quidem
689 1097 826 1157 faciliora.
874 1098 962 1158 Certe
984 1099 1025 1157 ita
1045 1108 1155 1157 temere
1177 1096 1217 1156 de
1250 1158 1251 1161 ,

158 1197 271 1257 mundo
285 1197 427 1269 effutiunt,
442 1204 475 1255 ut
494 1196 566 1255 mihi
588 1193 708 1272 quidem
730 1213 892 1271 numquam
914 1194 993 1254 hunc
1016 1195 1217 1255 admirabilem

159 1296 232 1355 caeli
260 1306 404 1367 ornatum,
427 1295 477 1370 qui
501 1295 583 1353 locus
611 1303 656 1352 est
683 1294 842 1369 proximus,
868 1294 1031 1370 suspexisse
1055 1292 1215 1352 videantur.

121 1393 308 1452 uPraeclare
329 1409 399 1467 ergo
413 1392 599 1451 Aristoteles:
631 1391 687 1450 ‘Si
716 1391 880 1465 essent’‚
904 1390 1006 1467 inquit,
1032 1390 1118 1466 ‘qui
1146 1390 1256 1449 subm

158 1500 265 1548 terra
295 1506 452 1565 semper
481 1488 785 1547 habitavissent
815 1487 933 1546 bonis
962 1487 1216 1546 et'inlustri-

155 1572 229 1645 bus
256 1586 500 1658 domiciliis,
529 1602 629 1662 quae
657 1594 798 1642 essent
825 1594 969 1643 ornata
1000 1583 1130 1659 signis
1157 1593 1216 1642 at-

159 1700 233 1758 que
260 1681 437 1758 picturis
465 1666 754 1755 instructaque
782 1681 903 1739 rebus
931 1680 981 1738 iis
1012 1679 1216 1751 omnibus,

158 1778 303 1854 quibus
338 1775 547 1836 abundant
581 1776 627 1848 ii,
656 1776 724 1852 qui
757 1776 870 1835 beati
903 1784 1114 1851 putantur,
1142 1792 1216 1833 nec

159 1883 290 1934 tamen
318 1873 503 1933 exissent
536 1863 718 1948 umquam
752 1890 873 1948 supra
905 1880 1070 1945 terram,
1098 1890 1254 1936 acce-15

159 1971 318 2046 pissent
346 1979 477 2027 autem
509 1970 612 2027 fama
645 1978 683 2026 et
716 1968 930 2032 auditione
965 1986 1054 2027 esse
1089 1968 1216 2044 quod·

160 2065 245 2124 dam
286 2084 428 2125 numen
469 2075 507 2124 et
546 2066 622 2124 vim
664 2064 852 2137 deorum,
888 2064 1037 2134 deinde
1078 2065 1217 2140 aliquo

160 2171 342 2239 tempore
383 2161 608 2238 patefactis
650 2171 783 2220 terrae
821 2153 1011 2220 faucibus
1048 2179 1094 2220 ex
1131 2162 1217 2220 illis

160 2257 319 2317 abditis
353 2257 521 2317 sedibus
557 2256 731 2316 evadere
769 2257 808 2316 in
846 2256 944 2315 haec
981 2258 1089 2329 loca,
1117 2274 1217 2332 quae

111 2390 112 2394 =
160 2372 231 2413 nos
267 2354 501 2425 incolimus,
537 2363 656 2428 atque
691 2352 801 2412 exire
836 2352 1095 2428 potuissent:
1131 2371 1256 2411 cumae

160 2460 330 2527 repente
353 2458 499 2509 terram
524 2459 562 2508 et
586 2448 708 2509 maria
731 2449 970 2525 caelumque
994 2448 1215 2522 vidissent,

160 2548 323 2608 nubium
350 2546 671 2623 magnitudinem
699 2556 991 2623 ventorumque
1020 2548 1095 2605 vim
1122 2565 1216 2624 cog·

161 2646 372 2705 novissent
404 2644 745 2721 aspexissentque
776 2644 902 2703 solem
932 2644 1101 2719 eiusque
1132 2662 1216 2702 cum

161 2742 481 2822 magnitudinem
515 2739 967 2818 pulchritudinemque,
989 2751 1069 2801 tum
1096 2741 1217 2801 etiam

161 2840 436 2900 efficientiam
461 2839 771 2915 cognovissent,
796 2839 904 2915 quod
931 2839 963 2899 is
987 2838 1093 2898 diem
1120 2841 1254 2905 effi-ns

162 2947 273 2998 ceret
300 2946 387 2996 toto
412 2936 527 2994 caelo
552 2937 641 2994 luce
666 2935 847 3007 diffusa;
872 2954 956 2994 cum
981 2946 1112 2994 autem
1136 2947 1215 2996 ter·

161 3052 222 3093 ras
249 3050 325 3091 nox
351 3041 588 3108 opacasset,
616 3039 695 3090 tum
723 3033 878 3091 caelum
913 3041 1040 3097 totum
1075 3050 1216 3091 cerne-

161 3140 250 3188 rent
283 3128 405 3188 astris
439 3127 682 3193 distinctum
720 3136 759 3188 et
795 3138 977 3187 ornatum
1014 3128 1216 3204 lunaeque

161 3226 351 3285 luminum
377 3226 619 3283 varietatem
652 3233 732 3287 tum
766 3227 1015 3299 crescentis,
1044 3236 1121 3287 tum
1155 3244 1216 3294 se-

161 3321 373 3381 nescentis
400 3339 618 3397 eorumque
646 3321 819 3380 omnium
846 3332 958 3382 ortus
983 3334 1021 3382 et
1044 3342 1255 3384 occasusao

161 3427 282 3493 atque
310 3418 349 3477 in
376 3418 482 3476 omni
509 3418 759 3476 aeternitate
787 3428 897 3486 ratos
932 3420 1216 3478 inmutabiles-

160 3530 236 3588 que
271 3530 439 3584 cursus3
473 3530 572 3587 quae
606 3530 697 3570 cum
721 3512 928 3585 viderent,
957 3515 1145 3589 profecto
1180 3526 1217 3574 et

162 3626 251 3666 esse
280 3607 378 3667 deos
409 3617 447 3666 et
480 3607 580 3666 haec
617 3602 730 3667 tanta
767 3626 889 3684 opera
926 3608 1091 3668 deorum
1128 3629 1216 3670 esse

116 3680 488 3790 &arbitrarenturst
540 3707 636 3780 Atque
664 3702 740 3762 haec
766 3704 888 3780 quidem
920 3706 976 3764 ille.
1029 3707 1092 3766 Nos
1119 3717 1217 3766 autem

159 3802 295 3864 tenebras
316 3802 478 3877 cogitemus
499 3809 602 3873 tantas,
617 3810 742 3877 quantae
757 3800 909 3877 quondam
924 3803 1077 3879 eruptione
1091 3805 1217 3863 Aetnae·
1231 3821 1255 3862 as
