2932 4364
595 387 661 437 1.1n.
678 387 700 437 1.
733 387 794 438 cx».
805 387 852 448 vr,
863 387 924 438 vu.
957 387 1089 453 5512-17.
1324 387 1366 454 37

320 537 410 598 bitare
439 548 525 615 coget
552 537 789 598 doctissimorum
820 538 972 598 hominum
1000 538 1039 598 de
1066 559 1203 600 maxuma
1228 558 1259 600 re
1286 548 1367 599 tanta

320 633 472 692 dissensio.
514 633 606 708 Quod
627 651 696 692 curn
716 651 804 709 saepe
832 635 910 706 alias,
931 644 994 693 tum
1016 636 1143 694 maxime
1167 635 1366 706 animadverti,
1379 651 1404 691 1⁵

320 746 389 786 cum
408 726 488 804 apud
505 728 540 788 C.
557 730 685 800 Cottam,
700 729 870 786 familiarem
891 733 1001 801 meum,
1016 738 1151 788 accurate
1172 748 1242 788 sane
1257 738 1287 789 et
1303 730 1366 788 dili·

242 852 246 859 ·
319 833 427 899 genter·
443 823 482 882 de
506 823 551 882 dis
585 824 785 882 inmortalibus
806 822 986 900 disputatum
1013 833 1066 883 est.
1109 825 1188 882 Nam
1209 843 1278 884 curn
1292 825 1367 883 seriis

290 936 302 976 s
321 919 430 978 Latinis
454 919 494 978 ad
518 937 587 977 eum
611 919 701 993 ipsius
727 928 830 994 rogatu
857 919 1055 994 arcessituque
1079 921 1234 992 venissem,
1258 919 1368 980 offendi

318 1033 388 1075 ‚eum
411 1015 565 1074 sedentem
589 1016 620 1075 in
640 1013 749 1074 exedra
772 1022 802 1073 et
822 1033 892 1074 cum
910 1015 945 1076 C.
960 1016 1076 1074 Velleio
1108 1026 1243 1075 senatore
1268 1016 1366 1093 dispu-

319 1120 440 1185 tantem,
463 1113 503 1172 ad
524 1130 614 1188 quem
637 1120 699 1170 turn
719 1111 857 1187 Epicurei
877 1111 984 1187 primas
1007 1130 1045 1170 ex
1067 1113 1171 1172 nostris
1202 1112 1367 1173 hominibus

235 1255 244 1273 .
320 1202 501 1269 deserebant.
522 1207 649 1268 ‘Aderat
669 1208 757 1267 etiam
779 1208 817 1282 Q.
833 1207 961 1267 Lucilius
981 1208 1099 1281 Balbus,
1113 1208 1164 1285 qui
1184 1217 1280 1268 tantos
1300 1227 1367 1286 pro·

244 1358 247 1363 .
319 1323 434 1380 gressus
455 1305 582 1366 habebat
601 1306 632 1364 in
652 1304 765 1377 Stoicis,
787 1313 820 1364 ut
840 1323 910 1364 curn
931 1306 1140 1366 excellentibus
1161 1305 1192 1364 in
1209 1322 1246 1365 eo
1260 1323 1367 1382 genere

282 1420 308 1449 ιο
319 1400 440 1459 Graecis
460 1409 684 1476 compararetur.
726 1400 813 1471 Turn,
828 1408 860 1458 ut
880 1417 928 1458 me
953 1401 1042 1460 Cotta
1061 1400 1142 1473 vidit,
1158 1404 1367 1486 Peroportune,

318 1495 421 1572 inquit,
441 1497 543 1569 venis3
571 1495 659 1553 oritur
679 1494 759 1553 enim
785 1493 857 1553 mihi
886 1513 993 1570 magna
1013 1494 1051 1553 de
1076 1514 1106 1554 re
1129 1495 1277 1555 altercatio
1298 1515 1366 1555 cum

215 1649 217 1653 ,
318 1592 440 1665 Velleio,
455 1592 503 1651 cui
516 1609 570 1668 pro
584 1600 635 1651 tuo
649 1587 747 1649 studio
761 1608 822 1650 non
836 1599 881 1649 est
895 1591 1022 1679 alienum
1036 1599 1065 1650 te
1079 1590 1228 1651 interesse.
1269 1593 1366 1668 Atque
1380 1582 1404 1688 1⁷6

319 1688 391 1749 mihi
421 1707 539 1766 quoque
568 1687 678 1760 videor,
707 1687 838 1763 inquam,
865 1687 989 1760 venisse,
1028 1698 1061 1747 ut
1096 1687 1180 1760 dicis,
1213 1697 1367 1764 oportune.

296 1864 297 1868 Ἰ
318 1787 392 1845 Tres
412 1787 492 1846 enim
512 1786 599 1844 trium
619 1783 837 1860 discipHnarum
857 1783 1005 1860 principes
1026 1785 1212 1844 convenistis.
1254 1787 1298 1845 M.
1316 1804 1367 1844 au·

284 1902 308 1942 ts
320 1890 382 1941 tem
402 1883 470 1941 Piso
490 1882 514 1942 si
534 1881 659 1953 adesset,
674 1880 780 1939 nullius
800 1879 1004 1957 philosophiae
1025 1899 1126 1939 earum
1146 1881 1276 1957 quidem,
1293 1899 1368 1958 quae

310 1977 352 2036 'in
372 1979 483 2037 honore
510 1987 586 2050 sunt,
607 1986 724 2036 vacaret
750 1975 843 2035 locus.
885 1976 963 2035 Turn
984 1977 1089 2036 Cotta:
1113 1975 1153 2047 Si,
1175 1976 1277 2052 inquit,
1296 1977 1369 2036 liber

320 2074 459 2132 Antiochi
475 2074 574 2145 nostri,
589 2073 640 2148 qui
660 2072 698 2132 ab
719 2089 756 2131 eo
777 2084 873 2147 nuper
893 2071 932 2130 ad
953 2071 1032 2130 hunc
1053 2071 1177 2130 Balbum
1197 2073 1300 2131 missus
1314 2066 1396 2145 esti·

320 2187 389 2228 vera
408 2154 544 2245 loquitur,
558 2168 630 2227 nihil
650 2177 704 2240 est,
725 2165 809 2242 quod
830 2167 978 2238 Pisonem,
992 2167 1161 2225 familiarem
1179 2176 1271 2240 tuum,
1292 2166 1367 2226 desi·

268 2334 280 2347 ,
321 2263 425 2339 deres3
452 2265 601 2324 Antiocho
625 2264 704 2323 enirn
728 2263 819 2323 Stoici
842 2281 912 2322 curn
935 2262 1133 2339 Peripateticis
1157 2281 1188 2322 re
1211 2265 1367 2341 concinere
1387 2256 1403 2297 '‘

283 2359 464 2434 addentur,
484 2362 579 2422 verbis
600 2361 765 2437 discrepare
776 2379 786 2433 3
807 2378 869 2436 quo
891 2358 930 2419 de
947 2359 1035 2446 libro,
1059 2359 1159 2432 Balbe,
1183 2359 1270 2419 velim
1294 2361 1367 2420 scire

271 2488 292 2497 ··
321 2458 394 2535 quid
416 2461 534 2520 sentias.
576 2461 701 2536 Egone?
731 2458 825 2534 inquit
849 2449 1039 2547 illef'Miror
1061 2458 1250 2532 Antiochum,
1274 2458 1375 2520 homi,

320 2554 441 2639 nemin
464 2555 564 2631 primis
586 2564 714 2626 acutum,
735 2571 796 2612 non
820 2552 928 2612 vidisse
953 2553 1091 2612 interesse
1114 2553 1271 2629 plurimum
1294 2555 1369 2614 inter

321 2648 445 2721 Stoicos,
459 2649 510 2725 qui
528 2650 651 2708 honesta
664 2667 682 2707 a
694 2647 861 2708 commodis
877 2666 939 2706 non
949 2648 1089 2720 nomine,
1103 2647 1157 2711 sed
1176 2666 1284 2724 genere
1304 2657 1369 2709 toto

321 2741 512 2819 diiungerent,
534 2752 564 2803 et
588 2743 804 2819 Peripateticos,
828 2742 879 2818 qui
902 2742 1028 2801 honesta
1051 2743 1278 2802 commiscerent
1298 2762 1368 2802 cum

283 2861 309 2902 ns
321 2838 495 2910 commodis,
510 2847 542 2911 ut
562 2857 598 2897 ea
619 2838 694 2897 inter
713 2855 745 2896 se
768 2836 970 2913 magnitudine
991 2847 1022 2896 et
1044 2838 1126 2912 quasi
1144 2837 1290 2913 gradibus,
1306 2857 1368 2899 non

252 2943 254 2947 ’
320 2951 428 3010 genere
450 2933 606 2994 differrent.
648 2931 736 2992 Haec
761 2935 842 2993 enirn
865 2942 910 2992 est
933 2952 995 2993 non
1016 2933 1174 2992 verborum
1194 2951 1292 3010 parva,
1314 2935 1368 2994 sed

208 3054 254 3163 χ,
285 3048 417 3096 uterum
443 3048 602 3107 permagna
629 3029 781 3090 dissensio.
825 3028 1139 3111 Vernm—ulgro'cssalras3
1169 3047 1258 3103 nunc,
1286 3030 1367 3106 quod
1380 3049 1404 3091 rr

211 3138 214 3146 '
270 3147 272 3151 ·
321 3127 482 3205 coepimus,
503 3127 528 3187 si
546 3127 670 3188 videtur.
712 3127 786 3188 Mihi
808 3146 888 3201 vero,
911 3126 1007 3204 inquit
1028 3126 1125 3199 Cotta,
1145 3126 1269 3187 videtur.
1310 3126 1368 3187 Sed

320 3233 353 3284 ut
369 3223 426 3297 hic,
440 3225 491 3300 qui
504 3225 666 3297 intervenit,
685 3224 749 3302 (me
760 3224 905 3302 intuens),
919 3242 957 3283 ne
975 3225 1096 3300 ignoret,
1111 3218 1187 3299 quae
1201 3242 1246 3283 res
1260 3233 1368 3300 agatur,

269 3318 360 3380 -sode
381 3331 483 3379 natura
503 3321 661 3397 agebamus
683 3319 816 3392 deorum,
831 3338 907 3396 quae
929 3339 998 3379 curn
1019 3318 1091 3378 mihi
1105 3319 1251 3379 videretur
1264 3320 1367 3395 perob

223 3451 227 3461 ι
287 3418 413 3487 ¹:scura,
438 3426 470 3475 ut
494 3435 611 3492 semper
632 3415 725 3474 videri
748 3415 832 3486 solet,
859 3415 978 3490 Epicuri
1006 3433 1043 3471 ex
1066 3414 1179 3472 Velleio
1204 3415 1369 3473 sciscitabar

272 3503 287 3563 ,’
321 3496 505 3568 sententiam.
548 3511 799 3584 Quamobrem,
820 3508 924 3584 inquit,
945 3509 1048 3578 Vellei,
1063 3509 1118 3566 nisi
1139 3509 1294 3567 molestum
1315 3518 1368 3580 est,

273 3608 430 3678 '·.‘repete,
449 3610 525 3679 quae
546 3621 695 3679 coeperas.
738 3603 884 3677 Repetam
904 3618 983 3670 vern,
1005 3619 1184 3675 quamquam
1206 3621 1266 3659 non
1288 3600 1367 3672 mihi,

321 3695 375 3756 sed
402 3698 454 3756 tibi
481 3699 530 3756 hic
553 3698 633 3756 venit
660 3696 795 3767 adiutor;
816 3695 904 3753 ambo
926 3695 1017 3766 ¹enim,
1044 3696 1136 3771 inquit
1163 3696 1309 3767 adridens,
1331 3697 1369 3754 ab

229 3802 239 3866 ζ
284 3792 429 3858 neodem
444 3793 565 3852 Philone
578 3792 650 3852 nihil
667 3791 741 3851 scire
755 3789 907 3850 didicistis.
947 3791 1026 3849 Turn
1040 3808 1114 3866 ego:
1137 3789 1218 3865 Quid
1232 3790 1367 3849 didiceri-
