2932 4364
192 401 236 483 96
521 413 570 463 ns
591 412 738 463 maruan
758 411 919 463 pronun.

146 575 183 632 22
228 570 310 628 Zeno
323 567 409 645 igitur
422 576 554 627 naturam
568 567 608 626 ita
622 565 733 638 definit,
747 575 779 624 ut
793 583 859 624 eam
873 566 954 625 dicat
974 564 1072 642 ignem
1093 583 1157 627 esse
1177 566 1243 628 arti·

188 665 332 738 ficiosum,
347 664 386 723 ad
407 664 588 740 gignendum
608 662 844 739 progredientem
857 664 912 722 via.
955 664 1066 723 Censet
1083 666 1161 723 enim
1177 665 1243 724 artis

188 778 325 819 maxume
347 762 496 836 proprium
510 777 575 818 esse
589 776 687 817 creare
703 768 733 816 et
746 759 884 833 gignere,
905 758 1047 834 quodque
1062 761 1092 817 in
1106 762 1244 835 operibus

145 858 165 915 'l
188 864 350 915 nostrarum
365 856 469 917 artium
490 872 593 912 manus
610 853 726 923 efficiat,
741 853 771 910 id
793 854 885 911 multo
907 855 1089 912 artificiosius
1112 866 1243 913 naturam

188 951 313 1024 efficere,
336 949 368 1009 id
392 959 445 1022 est,
466 959 499 1007 ut
523 948 592 1020 dixi,
613 948 712 1023 ignem
730 948 928 1021 artificiosum,
949 950 1118 1024 magistrum
1139 951 1244 1009 artium
1263 968 1275 1008 s

187 1048 371 1123 reliquarum.
412 1049 510 1122 Atque
525 1044 580 1105 hac
595 1043 717 1120 quidem
730 1045 841 1103 ratione
855 1045 951 1104 omnis
971 1057 1075 1104 natura
1088 1047 1245 1106 artificiosa

188 1154 241 1218 est,
255 1143 338 1221 quod
357 1143 446 1203 habet
460 1142 542 1219 quasi
556 1142 633 1202 viam
647 1139 795 1217 quandam
811 1152 839 1200 et
853 1152 974 1214 sectam,
988 1160 1077 1218 quam
1098 1153 1243 1219 sequatur.
1282 1215 1285 1221 Ι

150 1255 176 1297 ns
189 1242 286 1318 Ipsius
298 1259 368 1301 vero
382 1240 495 1311 mundi,
509 1239 560 1315 qui
580 1238 682 1297 omnia
698 1239 844 1314 conplexu
858 1257 913 1297 suo
927 1239 1045 1298 coercet
1058 1249 1089 1298 et
1102 1241 1243 1313 continet,

188 1349 290 1398 natura
302 1355 364 1397 non
377 1337 532 1397 artificiosa
546 1335 650 1407 solum,
665 1333 718 1393 sed
733 1334 819 1410 plane
834 1335 936 1394 artifex
950 1337 987 1395 ab
1002 1334 1111 1394 eodem
1124 1339 1244 1396 Zenone

188 1435 301 1509 dicitur,
317 1434 475 1494 consultrix
496 1443 526 1492 et
546 1431 670 1509 provida
692 1431 848 1490 utilitatum
869 1432 1158 1508 oportunitatumque
1181 1452 1243 1492 om·
1258 1457 1282 1485 ιο

187 1533 277 1612 nium.
329 1535 427 1608 Atque
460 1541 494 1589 ut
527 1540 642 1589 ceterae
676 1538 796 1588 naturae
831 1529 889 1588 suis
923 1530 1082 1589 seminibus
1109 1548 1244 1606 quaeque

187 1631 351 1705 gignuntur,
366 1626 535 1704 augescunt,
550 1628 745 1698 continentur,
760 1627 803 1684 sic
817 1637 919 1684 natura
938 1626 1042 1700 mundi
1062 1629 1158 1686 omnis
1180 1646 1243 1686 mo·

188 1735 234 1784 tus
257 1725 346 1783 habet
369 1723 546 1782 voluntarios
571 1732 752 1797 conatusque
776 1730 806 1779 et
831 1721 1036 1797 adpetitiones,
1059 1740 1131 1796 quas
1154 1724 1243 1799 ὁρμάς

189 1820 296 1880 Graeci
319 1829 435 1890 vocant,
461 1819 490 1876 et
517 1818 562 1877 his
589 1826 802 1876 consentaneas
829 1818 961 1875 actiones
988 1818 1031 1876 sic
1059 1817 1188 1890 adhibet,
1213 1829 1244 1877 ut

188 1926 303 1976 nosmet
317 1916 381 1992 ipsi,
396 1915 446 1991 qui
460 1915 563 1973 animis
577 1932 729 1973 movemur
742 1922 773 1971 et
786 1913 928 1973 sensibus.
968 1915 1046 1972 Talis
1062 1915 1146 1990 igitur
1159 1919 1243 1974 mens
1257 1936 1280 1974 ις

189 2012 375 2084 mundicum
389 2012 425 2069 sit
439 2011 479 2070 ob
492 2028 617 2087 eamque
631 2029 751 2070 causam
763 2009 811 2069 vel
824 2008 979 2086 prudentia
992 2011 1038 2069 vel
1059 2009 1244 2086 providentia

188 2109 327 2186 appellari
340 2119 419 2167 recte
434 2108 525 2185 possit
544 2106 673 2184 (Graece
688 2107 767 2166 enim
781 2106 897 2184 πρόνοια
910 2106 1045 2183 dicitur),
1061 2109 1136 2166 haec
1152 2109 1242 2183 potis·

188 2206 294 2264 simum
308 2203 442 2281 providet
456 2215 486 2262 et
500 2204 530 2262 in
547 2202 592 2262 his
606 2204 732 2262 maxime
747 2212 791 2261 est
804 2213 958 2280 occupata,
973 2204 1098 2279 primum
1113 2215 1144 2263 ut
1160 2225 1242 2264 mun·

188 2301 244 2360 dus
258 2318 347 2377 quam
368 2300 533 2376 aptissimus
553 2297 650 2372 sitad
671 2298 914 2375 permanendum,
929 2298 1037 2358 deinde
1060 2310 1092 2359 ut
1113 2302 1191 2384 nulla
1212 2320 1243 2367 re

187 2407 282 2472 egeat,
305 2414 441 2455 maxume
464 2405 562 2453 autern
584 2395 668 2453 utin
690 2413 727 2453 eo
751 2395 860 2469 eximia
882 2396 1069 2472 pulchritudo
1094 2398 1131 2456 sit
1154 2408 1243 2473 atque
1256 2422 1282 2450 ω

188 2494 285 2552 omnis
305 2502 432 2551 omatus.

144 2575 182 2684 ἒξ
209 2656 211 2662 Α
230 2592 352 2650 Dictum
373 2600 417 2648 est
430 2588 469 2648 de
483 2588 617 2647 universo
638 2586 759 2661 mundo,
775 2587 887 2648 dictum
908 2590 996 2649 etiam
1017 2601 1062 2650 est
1083 2591 1121 2650 de
1144 2591 1243 2651 sideri·

187 2689 252 2760 bus,
266 2696 298 2748 ut
312 2688 370 2747 iam
390 2704 483 2764 prope
505 2684 628 2744 modum
649 2696 789 2761 appareat
811 2687 967 2746 multitudo
989 2707 1046 2746 nec
1068 2692 1245 2750 cessantium

187 2784 312 2844 deorum
325 2802 441 2856 necea,
456 2800 530 2858 quae
545 2791 641 2857 agant,
656 2782 838 2841 molientium
859 2802 928 2842 cum
949 2785 1048 2844 labore
1069 2805 1196 2863 operoso
1210 2807 1245 2846 ac

144 2893 165 2926 Λ
187 2883 323 2953 molesto.
365 2881 436 2940 Non
450 2879 528 2938 enim
543 2878 625 2937 venis
640 2887 670 2938 et
683 2879 777 2938 nervis
799 2890 828 2938 et
848 2881 962 2940 ossibus
983 2884 1170 2943 continentur
1188 2903 1245 2943 nec
1257 2876 1293 2943 η’

188 2979 223 3037 iis
237 2977 312 3037 escis
326 2987 376 3037 aut
389 2975 558 3052 potionibus
572 2984 738 3047 vescuntur,
752 2985 784 3033 ut
805 2986 854 3035 aut
876 2977 962 3035 nimis
984 2996 1065 3038 acres
1088 2989 1138 3038 aut
1160 2981 1245 3040 nimis

106 3144 131 3149 Α,
188 3085 345 3134 concretos
366 3091 483 3132 umores
506 3069 663 3147 conligant,
684 3089 743 3130 nec
764 3073 799 3132 iis
821 3074 992 3150 corporibus
1014 3085 1090 3148 sunt,
1107 3086 1139 3135 ut
1161 3095 1245 3137 casus

111 3149 137 3206 ‘5⁰
188 3183 240 3232 aut
267 3173 341 3231 ictus
369 3160 561 3229 extimescant
588 3179 638 3227 aut
666 3171 785 3230 morbos
813 3181 945 3231 metuant
972 3190 1010 3231 ex
1036 3171 1244 3250 defetigatione
1307 3248 1310 3255 Ι

188 3270 407 3341 membrorum3
428 3285 504 3343 quae
518 3284 621 3326 verens
633 3267 777 3342 Epicurus
790 3286 1028 3344 monogrammos
1043 3269 1116 3329 deos
1131 3281 1160 3329 et
1175 3272 1246 3330 nihil

150 3377 309 3444 coagentes
324 3374 507 3424 commentus
522 3373 574 3424 est.
617 3363 662 3422 Illi
676 3373 774 3424 autem
794 3365 987 3441 pulcherrima
1009 3367 1101 3426 sonna
1121 3367 1246 3442 praediti
1259 3391 1285 3430 ³0

152 3513 167 3553 Α
188 3464 399 3539 purissimaque
414 3461 445 3518 in
458 3460 577 3534 regione
585 3459 665 3537 'caeli
679 3461 814 3519 collocati
836 3462 876 3520 ita
896 3461 1025 3521 feruntur
1045 3459 1244 3522 moderantur-

189 3578 247 3635 que
271 3577 381 3630 cursus,
407 3565 439 3614 ut
463 3555 501 3614 ad
526 3557 626 3614 omnia
653 3557 854 3616 conservanda
877 3568 906 3616 et
929 3557 1040 3617 tuenda
1063 3561 1245 3620 consensisse

188 3656 350 3714 videantur.

231 3752 343 3810 Multae
367 3760 466 3808 autem
494 3749 566 3809 aliae
594 3760 713 3808 naturae
741 3749 863 3809 deorum
890 3769 928 3808 ex
955 3752 1068 3827 magnis
1095 3754 1247 3812 beneficiis

189 3866 291 3908 eorum
306 3864 366 3905 non
381 3846 443 3904 sine
461 3863 548 3903 causa
562 3855 592 3903 et
606 3864 625 3903 a
638 3845 779 3905 Graeciae
800 3845 1018 3921 sapientissimis
1039 3858 1069 3906 et
1091 3866 1109 3906 a
1129 3849 1245 3908 maiori·
1258 3869 1284 3911 as
