2932 4364
457 372 523 423 LlB.
538 374 586 423 lll.
619 375 680 424 CAP.
693 374 884 440 xxm-XXV.
917 376 947 440 ξς
960 375 1049 443 58-64.
1218 378 1275 447 155

227 623 336 682 lenda?
377 624 455 680 Nam
476 632 615 694 mentem,
636 622 737 694 fidem,
751 641 844 698 spem,
859 624 1005 696 virtutem,
1020 624 1172 699 honorem,
1187 629 1278 688 victo·

227 721 308 790 riam,
337 720 468 790 salutem,
496 718 687 777 concordiam
715 730 871 794 ceteraque
899 721 961 779 eius
988 720 1072 781 modi
1098 741 1195 782 rerum
1219 726 1279 786 vim

228 816 335 874 habere
356 814 498 886 videmus,
521 833 581 873 non
602 815 734 873 deorum.
776 817 834 873 Aut
857 817 936 874 enim
959 817 988 874 in
1011 818 1158 876 nobismet
1182 821 1279 880 insunt

197 930 209 969 s
229 912 306 986 ipsis,
328 921 360 969 ut
384 928 476 980 mens,
498 918 530 968 ut
553 928 629 985 spes,
652 920 683 968 ut
705 910 788 981 fides,
811 921 842 968 ut
866 912 963 983 virtus,
986 923 1017 969 ut
1039 914 1208 987 concordia,
1230 926 1279 975 aut

228 1007 375 1082 optandae
398 1008 482 1065 nobis
504 1016 580 1077 sunt,
602 1016 634 1065 ut
656 1007 759 1076 bonos,
780 1017 813 1065 ut
833 1007 919 1079 salus,
940 1017 972 1066 ut
993 1009 1131 1083 victoria;
1157 1031 1279 1086 quarum

227 1123 324 1162 rerum
339 1104 490 1162 utilitatem
501 1102 597 1174 video,
609 1102 696 1162 video
711 1104 799 1161 etiam
814 1115 985 1162 consecrata
999 1105 1171 1181 simulacra3
1190 1128 1279 1184 quare

228 1211 326 1258 autem
348 1201 377 1258 in
399 1200 432 1258 iis
446 1200 488 1258 vis
509 1199 632 1258 deorum
653 1200 729 1270 insit,
745 1207 807 1257 tum
826 1200 1002 1277 intellegam,
1017 1221 1086 1261 cum
1100 1222 1277 1280 cognovero.

229 1298 298 1371 Quo
312 1298 342 1354 in
356 1314 463 1372 genere
477 1297 523 1354 vel
537 1297 663 1354 maxime
677 1305 721 1354 est
737 1297 865 1355 Fortuna
882 1298 1071 1370 numeranda,
1086 1319 1175 1376 quam
1190 1320 1279 1361 nemo

192 1417 217 1444 ιο
228 1395 266 1453 ab
289 1394 483 1453 inconstantia
505 1404 535 1451 et
556 1394 718 1452 temeritate
742 1393 884 1469 seiunget,
906 1413 982 1470 quae
1006 1395 1095 1472 digna
1117 1409 1196 1457 certe
1218 1417 1278 1458 non

228 1500 295 1549 sunt
310 1490 377 1549 deo.
419 1491 483 1548 Iam
497 1508 565 1548 vero
580 1489 651 1565 quid
664 1508 717 1548 vos
732 1489 779 1547 illa
792 1488 920 1550 delectat
940 1491 1096 1568 explicatio
1118 1495 1278 1555 fabularum
1290 1517 1317 1558 os

229 1598 258 1647 et
286 1588 424 1647 enodatio
452 1587 625 1646 nominum?
669 1589 829 1646 Exsectum
857 1607 875 1646 a
902 1589 962 1648 lilio
990 1590 1123 1664 Caelum,
1148 1592 1279 1652 vinctum

230 1685 331 1744 itidem
346 1684 436 1743 atilio
450 1686 613 1757 Saturnum,
629 1683 702 1742 haec
716 1693 746 1743 et
760 1685 816 1743 alia
833 1685 947 1761 generis
965 1687 1098 1766 eiusdem
1117 1689 1157 1748 ita
1177 1689 1278 1749 desen-

230 1783 305 1853 ditis,
321 1792 352 1841 ut
367 1782 395 1853 ii,
410 1782 460 1857 qui
481 1782 535 1840 ista
555 1782 709 1854 finxerunt,
723 1801 784 1841 non
806 1782 896 1842 modo
918 1802 978 1843 non
1000 1785 1102 1858 insani,
1117 1787 1172 1846 sed
1192 1788 1280 1846 etiarn

192 1905 216 1944 ις
230 1880 316 1938 luisse
344 1879 490 1955 sapientes
517 1878 678 1937 videantur.
721 1882 758 1939 In
786 1878 950 1939 enodandis
978 1890 1076 1941 autern
1103 1884 1280 1958 nominibus,
1346 1863 1348 1871 ,

230 1975 311 2051 quod
326 1975 522 2034 miserandum
537 1975 582 2047 sit,
597 1967 743 2034 laboratis.
777 1977 923 2048 Saturnus
939 1979 1007 2052 quia
1021 1997 1052 2036 se
1068 1990 1174 2038 saturat
1188 1982 1279 2053 annis,

230 2075 357 2142 Mavors,
373 2072 441 2146 quia
456 2089 562 2146 magna
575 2072 668 2142 vertit,
685 2073 827 2144 Minerva,
843 2073 912 2148 quia
926 2073 1029 2132 minuit
1044 2084 1093 2133 aut
1107 2077 1175 2151 quia
1189 2078 1280 2134 mina·

230 2178 284 2241 tur,
308 2170 418 2240 Venus,
443 2168 512 2242 quia
535 2168 614 2226 venit
639 2166 678 2226 ad
702 2170 926 2252 omnia„Ceres
950 2188 969 2228 a
993 2171 1133 2247 gerendo.
1183 2174 1281 2248 Quam
1305 2168 1318 2274 l
1340 2190 1373 2258 ‘p

230 2266 394 2343 periculosa
415 2265 617 2325 consuetudo!
660 2268 697 2325 In
716 2265 812 2325 multis
832 2267 911 2326 enirn
930 2268 1098 2330 nominibus
1117 2269 1281 2331 haerebitis.

192 2392 218 2422 ω
231 2363 311 2438 Quid
330 2364 434 2421 Veiovi
455 2363 553 2435 facies,
568 2362 640 2438 quid
654 2363 809 2423 Volcano?
829 2382 1017 2440 quamquam,
1039 2368 1178 2441 quoniam
1201 2369 1281 2444 Nep·

230 2468 334 2518 tunum
348 2479 366 2517 a
380 2458 479 2518 nando
495 2460 673 2534 appellatum
687 2469 781 2536 putas,
797 2461 907 2519 nullum
923 2462 977 2519 erit
991 2480 1108 2535 nornen,
1124 2463 1206 2537 quod
1222 2483 1283 2523 non

230 2557 324 2631 possis
345 2575 404 2614 una
424 2555 518 2613 littera
539 2555 684 2630 explicare
705 2555 785 2613 unde
807 2554 928 2614 ductum
950 2558 1005 2629 sit;
1030 2558 1060 2615 in
1081 2577 1140 2633 quo
1162 2559 1282 2634 quidem

230 2652 322 2725 magis
343 2660 374 2708 tu
396 2650 466 2709 milri
487 2660 586 2708 natare
601 2651 678 2708 visus
700 2668 732 2707 es
751 2669 840 2724 quam
855 2651 917 2724 ipse
933 2651 1098 2728 Neptunus.
1141 2655 1280 2728 Magnam
1293 2669 1320 2709 aa

230 2746 392 2805 molestiam
415 2747 543 2820 suscepit
566 2755 595 2804 et
617 2745 739 2803 minime
760 2746 954 2803 necessariam
976 2747 1085 2822 primus
1106 2749 1195 2819 Zeno,
1215 2759 1282 2823 post

192 2868 217 2906 ες
231 2840 399 2912 Cleanthes,
415 2841 523 2900 deinde
539 2842 728 2918 Chrysippus,
744 2841 1015 2900 commenticiarum
1034 2842 1194 2901 labularum
1215 2843 1280 2901 red-

230 2937 300 2996 dere
325 2939 477 3009 rationem,
499 2937 718 3008 vocabulorum,
741 2954 794 2994 cur
817 2935 947 3012 quidque
973 2937 1013 2994 ita
1037 2939 1213 3013 appellatum
1236 2940 1281 3009 sit,

231 3054 333 3092 causas
347 3034 501 3111 explicare.
544 3032 635 3108 Quod
651 3051 719 3091 cum
734 3032 837 3104 facitis,
853 3031 923 3091 illud
938 3034 1071 3109 prolecto
1091 3034 1282 3104 confitemini,

230 3131 318 3207 longe
342 3131 425 3189 aliter
448 3149 479 3189 se
504 3150 566 3189 rem
591 3129 708 3202 lrabere,
734 3139 822 3205 atque
847 3128 1000 3188 hominum
1025 3131 1126 3206 opinio
1150 3131 1203 3203 sit;
1232 3149 1283 3190 eos

232 3230 320 3301 enim,
335 3228 384 3305 qui
402 3228 433 3287 di
454 3229 644 3305 appellantur,
659 3246 755 3287 rerum
776 3237 893 3286 naturas
914 3244 988 3299 esse,
1003 3245 1063 3287 non
1086 3229 1191 3304 figuras
1212 3227 1284 3288 deo·

194 3352 219 3390 ao
231 3346 304 3386 rum.
337 3326 396 3401 Qui
411 3336 507 3385 tantus
522 3344 600 3384 error
614 3325 675 3398 luit,
690 3333 721 3383 ut
735 3325 907 3402 perniciosis
922 3324 1010 3384 etiam
1024 3327 1110 3384 rebus
1124 3344 1184 3384 non
1200 3328 1329 3390 madeas

231 3442 341 3481 nomen
366 3422 489 3481 deorum
514 3422 694 3492 tribueretur,
724 3420 778 3479 sed
806 3422 893 3479 etiam
922 3439 1005 3479 sacra
1032 3423 1283 3481 constituerentur.

233 3518 333 3576 Febris
355 3519 432 3575 enim
455 3517 553 3575 sanum
575 3518 604 3574 in
621 3516 731 3574 Palatio
752 3527 782 3574 et
802 3517 940 3574 Orbonae
953 3518 997 3573 ad
1011 3516 1117 3575 aedem
1133 3519 1239 3575 Larum
1255 3530 1284 3576 et

232 3633 311 3672 aram
334 3614 432 3671 Malae
455 3614 600 3670 Fortunae
622 3612 757 3686 Esquiliis
776 3621 979 3670 consecratam
994 3612 1137 3671 videmus.
1180 3614 1285 3672 Omnis
1298 3631 1323 3672 or

233 3711 319 3785 igitur
333 3710 395 3767 talis
409 3727 427 3766 a
441 3707 626 3785 philosophia
640 3708 763 3784 pellatur
776 3726 864 3778 error,
876 3719 916 3781 ut,
932 3728 1000 3767 cum
1015 3708 1054 3766 de
1069 3708 1114 3768 dis
1128 3709 1283 3768 inmortali·

196 3808 289 3870 asbus
314 3805 506 3882 disputemus,
528 3804 662 3865 dicamus
686 3803 806 3880 indigna
830 3804 864 3863 iis
874 3825 883 3878 3
909 3804 947 3864 de
973 3805 1077 3881 quibus
1102 3805 1197 3866 habeo
1219 3806 1284 3883 ipse
