2932 4364
224 368 286 439 140
551 371 600 420 DE
621 371 766 421 NATURA
788 371 948 421 DEORUM.

235 535 240 546 '
302 525 440 601 Aspice
467 523 537 582 hoc
564 523 720 583 sublime
752 524 932 596 candens,
960 543 1067 600 quem
1097 524 1276 585 invocant

906 639 1033 679 omnes
1055 623 1193 680 Iovem.

183 737 207 777 11
222 719 315 793 Quasi
328 736 398 776 vero
418 718 571 792 quisquam
588 727 720 776 nostrum
741 718 827 776 istum
849 718 946 793 potius
967 737 1055 792 quam
1077 718 1276 792 Capitolinum

222 817 325 874 Iovem
340 813 468 890 appellet
481 822 532 871 aut
547 813 603 871 hoc
619 814 806 888 perspicuum
825 814 861 871 sit
880 815 1150 889 constetqueinter
1170 815 1275 885 omnis,

221 929 274 970 eos
288 929 352 969 esse
366 910 450 982 deos,
461 928 536 985 quos
550 909 602 968 tibi
613 910 741 968 Velleius
756 910 896 985 multique
911 922 1062 985 praeterea
1071 928 1109 968 ne
1120 893 1275 969 animantis
1295 924 1307 962 ⁵

221 1007 343 1084 quidem
364 1026 428 1066 esse
450 1006 628 1066 concedant.
670 1007 766 1067 Grave
788 1008 876 1066 etiam
898 1018 1100 1083 argumentum
1120 1008 1173 1066 tibi
1194 1007 1275 1066 vide·

221 1105 315 1178 batur,
340 1104 422 1180 quod
449 1105 551 1181 opinio
575 1104 614 1163 de
642 1103 689 1164 dis
716 1105 915 1164 inmortalibus
937 1114 968 1163 et
991 1105 1123 1163 omnium
1146 1115 1224 1164 esset
1246 1116 1277 1162 et

222 1202 333 1261 cotidie
355 1211 508 1260 cresceret.
552 1202 653 1284 Placet
674 1202 759 1277 igitur
779 1212 874 1260 tantas
895 1219 941 1261 res
962 1201 1102 1276 opinione
1123 1201 1276 1260 stultorum

187 1297 354 1371 uindicari,
375 1299 459 1358 vobis
486 1298 667 1375 praesertim,
689 1299 740 1374 qui
763 1299 827 1358 illos
848 1299 966 1358 insanos
987 1317 1051 1357 esse
1072 1298 1198 1358 dicatis?
1236 1299 1276 1358 At

222 1396 301 1454 eninr
322 1396 484 1471 praesentis
497 1395 632 1454 videmus
653 1394 736 1467 deos,
751 1405 783 1454 ut
799 1395 880 1471 apud
895 1395 1042 1470 Regillum
1057 1395 1231 1467 Postumius,
1246 1395 1276 1453 in
1290 1418 1315 1445 ιο

222 1493 330 1551 Salaria
342 1493 496 1564 Vatinius;
517 1493 619 1550 nescio
634 1491 706 1567 quid
720 1492 808 1549 etiam
828 1490 866 1549 de
883 1492 1044 1549 Locrorum
1058 1490 1139 1567 apud
1158 1492 1277 1566 Sagram

182 1592 189 1642 ¹.
221 1589 343 1665 proelio.
385 1589 468 1662 Quos
483 1589 568 1664 igitur
584 1599 616 1648 tu
629 1587 813 1665 Tyndaridas
832 1588 1009 1664 appellabas,
1025 1587 1056 1645 id
1077 1597 1122 1646 est
1142 1587 1276 1646 homines

221 1685 342 1770 ¹homine
362 1696 456 1757 natos,
472 1698 501 1744 et
521 1704 596 1761 quos
619 1687 778 1757 Homems,
793 1686 843 1762 qui
863 1703 967 1744 recens
987 1686 1025 1744 ab
1045 1685 1158 1743 illomm
1181 1695 1276 1743 aetate

223 1784 285 1857 fuit,
307 1783 437 1858 sepultos
460 1801 525 1841 esse
547 1782 619 1841 dicit
642 1782 878 1853 Lacedaemone,
901 1800 953 1840 eos
975 1792 1007 1841 tu
1029 1782 1183 1840 cantheriis
1204 1782 1276 1840 albis

224 1881 308 1939 nullis
329 1880 479 1939 calonibus
499 1881 631 1939 obviam
644 1880 763 1938 Vatinio
777 1881 892 1938 venisse
913 1880 1060 1939 existimas
1082 1890 1111 1938 et
1124 1880 1276 1938 victoriam
1290 1899 1314 1936 ιε

223 1978 326 2055 populi
341 1978 469 2036 Romani
482 1977 602 2036 Vatinio
616 1977 724 2053 potius,
740 1976 851 2034 homini
865 1977 983 2048 rustico,
998 1995 1087 2052 quam
1102 1978 1145 2036 M.
1160 1977 1276 2049 Catoni,

225 2076 362 2151 quitum
386 2084 447 2133 erat
470 2074 616 2150 princeps,
642 2074 840 2132 nuntiavisse?
880 2075 959 2149 Ergo
983 2084 1014 2132 et
1038 2073 1107 2132 illud
1132 2074 1162 2132 in
1186 2074 1276 2146 silice,

225 2170 307 2246 quod
321 2169 411 2228 hodie
425 2180 547 2244 apparet
560 2169 640 2244 apud
656 2169 802 2244 Regillum
815 2179 965 2244 tamquam
976 2171 1129 2244 vestigium
1139 2170 1276 2244 ungulae,

187 2283 213 2326 ιε
226 2266 354 2325 Castoris
375 2266 443 2339 equi
465 2264 561 2323 credis
583 2266 671 2323 esse?
711 2265 820 2321 Nonne
840 2265 931 2321 mavis
953 2264 1024 2322 illud
1044 2263 1174 2334 credere,
1196 2264 1278 2338 quod
1312 2310 1316 2331 ,

225 2361 342 2437 probari
355 2370 463 2436 potest,
477 2360 591 2418 animos
608 2359 824 2435 praeclaromm
841 2359 1003 2430 hominum,
1018 2359 1118 2434 quales
1138 2360 1184 2417 isti
1197 2360 1277 2435 Tyn·
1290 2381 1316 2409 ω

226 2455 346 2515 daridae
360 2457 484 2527 fuerunt,
499 2456 613 2513 divinos
635 2473 699 2514 esse
720 2464 750 2514 et
770 2466 914 2526 aetemos‚
929 2473 1018 2531 quam
1039 2473 1102 2526 eos,
1116 2456 1166 2530 qui
1187 2455 1278 2514 semel

226 2553 346 2612 cremati
361 2562 468 2624 essent,
479 2553 559 2628 equit
592 2562 654 2611 eet
668 2553 697 2610 in
712 2553 775 2610 acie
790 2570 920 2628 pugnare
934 2553 1088 2627 potuisse?
1107 2563 1166 2625 aut,
1181 2553 1206 2612 si
1220 2552 1278 2611 hoc

226 2651 288 2709 fieri
315 2571 690 2944 potuissedistceas
718 2659 844 2726 oportet,
868 2667 928 2724 quo
955 2649 1057 2722 modo,
1078 2668 1135 2708 nec
1160 2650 1279 2709 fabellas

188 2765 214 2808 ra
226 2749 317 2807 aniles
336 2749 419 2824 prose
542 2767 592 2807 um
607 2748 753 2808 Lucilius:
776 2750 822 2806 An
839 2748 900 2818 tibi,
915 2748 1016 2822 inquit,
1036 2748 1158 2808 fabellae
1177 2749 1278 2807 viden-

226 2847 294 2905 tur?
334 2846 403 2904 Non
462 2845 500 2904 ab
514 2836 549 2905 Α.
565 2845 715 2904 Postumio
735 2844 841 2904 aedem
856 2845 970 2904 Castori
988 2855 1018 2904 et
1038 2846 1148 2904 Polluci
1167 2847 1197 2904 in
1216 2847 1279 2904 soro
1293 2870 1317 2910 ιε

228 2942 406 3015 dedicatam,
418 2960 516 3001 nonne
531 2952 648 3001 senatus
663 2943 829 3001 consultum
840 2941 879 3000 de
889 2942 1008 3000 Vatinio
1018 2941 1122 3002 vides?
1149 2945 1227 3001 Nam
1241 2942 1279 3001 de

229 3041 317 3116 Sagra
330 3039 511 3099 Graecorum
526 3039 614 3097 etiam
628 3050 672 3097 est
685 3038 800 3114 volgare
815 3038 1010 3114 proverbium,
1025 3039 1084 3114 qui,
1099 3057 1175 3115 quae
1194 3038 1279 3097 adfir-

229 3147 320 3209 mant,
335 3137 459 3196 certiora
477 3153 543 3196 esse
564 3135 667 3195 dicunt
688 3155 777 3212 quam
799 3136 855 3208 illa,
869 3153 944 3211 quae
959 3135 1039 3212 apud
1054 3136 1181 3212 Sagram.
1223 3138 1281 3196 His

229 3235 314 3310 igitur
327 3233 493 3292 auctoribus
506 3251 606 3291 nonne
617 3232 710 3292 debes
721 3234 853 3292 moveri?
875 3235 953 3292 Tum
965 3234 1072 3293 Cotta:
1094 3235 1280 3307 Rumoribus,

230 3332 332 3406 inquit,
343 3349 461 3389 mecum
472 3348 594 3406 pugnas,
607 3330 706 3400 Balbe,
718 3347 775 3405 ego
785 3339 914 3388 autema
927 3340 956 3388 te
971 3331 1097 3389 rationes
1111 3333 1280 3406 requiro...
1294 3359 1321 3400 30

193 3407 217 3514 fi
271 3429 445 3502 Sequuntur,
460 3444 535 3501 quae
549 3426 643 3485 sutura
657 3436 732 3485 sunt.
776 3426 910 3502 Effugere
926 3427 1005 3484 enim
1020 3445 1110 3484 nemo
1127 3427 1158 3485 id
1174 3437 1280 3502 potest,

229 3522 311 3599 quod
326 3525 453 3583 futurum
467 3533 520 3582 est.
563 3524 656 3598 Saepe
670 3532 768 3581 autem
781 3540 820 3580 ne
834 3523 904 3580 utile
919 3523 1039 3598 quidem
1054 3532 1099 3581 est
1112 3524 1195 3595 scire,
1211 3523 1283 3599 quid

230 3622 356 3679 futurum
381 3621 437 3692 sit;
464 3620 602 3677 miserum
627 3629 671 3678 est
694 3620 774 3678 enim
800 3619 874 3677 nihil
900 3620 1103 3695 proficientem
1131 3621 1198 3695 angi
1226 3638 1282 3678 nec

230 3718 336 3775 habere
350 3734 389 3774 ne
404 3716 468 3790 spei
483 3713 603 3790 quidem
618 3725 780 3773 extremum
794 3725 938 3774 ettamen
952 3733 1111 3774 commune
1130 3717 1282 3789 solacium,

230 3813 399 3888 praesertim
420 3829 488 3868 cum
503 3827 556 3869 vos
576 3809 667 3868 iidem
687 3811 746 3869 lato
767 3810 829 3868 fieri
846 3810 950 3869 dicatis
965 3812 1074 3883 omnia,
1088 3811 1170 3886 quod
1184 3823 1281 3870 autem
1296 3839 1320 3877 ss
