2932 4364
198 428 242 509 98
529 441 578 490 ns
599 408 745 492 aarum
766 439 930 522 'osorum

136 563 204 717 ἢ
240 594 306 654 Alia
328 612 446 670 quoque
474 612 511 654 ex
537 595 658 668 ratione,
681 593 854 670 etquidem
880 593 1010 671 physica,
1035 612 1143 672 magna
1173 596 1254 655 fluxit

149 704 152 708 ’
200 691 355 752 multitudo
369 690 501 764 deorum,
515 692 565 768 qui
579 691 673 751 induti
687 693 787 768 specie
801 693 928 751 humana
941 692 1052 752 fabulas
1068 692 1164 769 poetis
1185 711 1253 770 sup-

195 788 411 866 peditaverunt,
426 788 578 847 hominum
592 798 690 847 autem
704 789 792 847 vitam
806 789 1009 864 superstitione
1031 791 1112 847 omni
1133 789 1254 848 referse-

200 894 276 944 runt.
317 887 413 962 Atque
435 884 483 942 hic
496 885 578 943 locus
593 885 743 942 aZenone
766 883 903 943 tractatus
925 895 993 961 post
1015 904 1033 944 a
1055 885 1199 944 Cleanthe
1225 895 1255 945 et

202 981 367 1059 Chrysippo
394 979 522 1056 pluribus
549 980 644 1039 verbis
672 980 832 1056 explicatus
860 991 913 1040 est.
964 981 1042 1039 Nam
1070 991 1152 1040 vetus
1181 981 1287 1044 haecs

201 1078 302 1156 opinio
330 1078 485 1138 Graeciam
512 1077 643 1153 opplevit
670 1087 821 1136 exsectum
845 1078 968 1138 Caelum
995 1097 1014 1137 a
1037 1079 1097 1137 filio
1122 1079 1255 1152 Saturno,

163 1186 188 1228 ⁶⁴
200 1161 331 1236 vinctum
343 1185 441 1234 autem
456 1175 611 1233 Saturnum
632 1174 727 1250 ipsum
741 1193 760 1232 a
773 1174 832 1233 lilio
847 1176 927 1234 love.
970 1175 1094 1251 Physica
1107 1177 1180 1234 ratio
1194 1194 1256 1234 non

163 1332 166 1343 ,
201 1274 349 1350 inelegans
369 1273 480 1332 inclusa
494 1281 538 1330 est
552 1273 582 1330 in
596 1271 699 1348 impias
721 1271 830 1331 fabulas
841 1292 850 1345 ;
862 1272 1030 1331 'caelestem
1051 1273 1129 1331 enim
1152 1273 1255 1332 altissi-

201 1388 280 1429 mam
308 1369 523 1444 aetheriamque
551 1378 694 1442 naturam,
716 1368 747 1428 id
775 1378 821 1427 est
847 1369 972 1445 igneam,
994 1387 1070 1446 quae
1103 1388 1156 1447 per
1191 1388 1256 1430 sese
1318 1385 1320 1391 ·

201 1449 300 1526 ofnnia
319 1468 458 1543 gigneret,
473 1485 576 1525 vacare
591 1467 742 1526 voluerunt
764 1484 800 1524 ea
819 1478 902 1543 parte
927 1467 1066 1543 corporis,
1085 1486 1159 1544 quae
1185 1486 1255 1527 con·
1271 1493 1296 1520 10

158 1564 350 1626 25iuuctione
378 1565 493 1623 alterius
521 1563 620 1640 egeret
644 1562 684 1622 ad
711 1562 936 1639 procreandum.
979 1565 1133 1624 Saturnum
1158 1576 1257 1624 autem

200 1678 268 1720 eum
282 1678 346 1719 esse
359 1661 521 1732 voluerunt,
536 1660 586 1736 qui
607 1678 723 1718 cursum
744 1669 774 1718 et
794 1661 1017 1719 conversionem
1034 1648 1199 1737 'spatiorum
1220 1680 1256 1719 ac

200 1766 365 1833 temporum
379 1757 551 1828 contineret,
566 1757 616 1832 qui
630 1756 703 1814 deus
718 1757 832 1816 Graece
849 1755 881 1815 id
902 1757 997 1832 ipsum
1018 1774 1127 1815 nomen
1149 1757 1256 1830 habel;

199 1839 310 1928 ’Κρόνος
329 1853 409 1911 enim
426 1851 604 1928 dicitur,qi1i
626 1863 671 1911 est
693 1851 773 1911 idem
794 1850 901 1930 χρόνος,
916 1850 948 1911 id
969 1862 1014 1911 est
1035 1853 1161 1929 spatium
1183 1863 1256 1912 tem·
1281 1929 1282 1933 Ἰ

190 1947 289 2025 poris,
331 1949 468 2008 Saturnus
488 1959 587 2008 autem
608 1958 653 2008 est
673 1950 844 2026 appellatus,
859 1948 941 2025 quod
962 1959 1136 2009 saturaretur
1153 1951 1295 2025 annis315

202 2063 284 2105 exse
299 2047 378 2104 enim
398 2055 483 2105 natos
504 2064 637 2105 comesse
657 2046 774 2122 fingitur
794 2047 903 2119 solitus,
919 2047 988 2123 quia
1009 2047 1156 2106 consumit
1177 2058 1258 2108 aetas

201 2153 367 2219 temporum
394 2145 488 2218 spatia
514 2144 655 2220 annisque
682 2144 842 2219 praeteritis
869 2144 1090 2203 insaturabiliter
1113 2145 1255 2220 expletur,

121 2189 167 2278 Ι)
201 2240 315 2299 vinctus
330 2248 428 2298 autem
450 2259 469 2298 a
491 2241 571 2310 love,
586 2256 624 2297 ne
646 2238 844 2298 inmoderatos
862 2257 961 2298 cursus
975 2240 1105 2313 haberet,
1119 2250 1208 2316 atque
1226 2250 1258 2299 ut

119 2311 160 2452 R
203 2352 271 2394 eum
285 2320 413 2394 siderum
426 2334 528 2393 vinclis
542 2334 679 2410 alligaret.
715 2317 780 2394 'Sed
801 2335 864 2409 ipse
880 2335 1019 2411 Iuppiter,
1035 2335 1125 2394 idest
1140 2336 1258 2394 ‘iuvans

203 2433 311 2507 patet',
326 2449 415 2507 quem
429 2432 575 2489 conversis
589 2431 705 2489 casibus
725 2430 904 2506 appellamus
926 2448 944 2489 a
965 2430 1093 2490 iuvando
1114 2433 1226 2504 Iovem,
1241 2451 1297 2490 aas

203 2528 298 2604 poetis
313 2531 412 2604 ‘pater
422 2526 580 2602 divomque
595 2526 804 2601 hominumque
816 2527 823 2553 '
835 2525 949 2599 dicitur,
961 2528 1146 2587 a'maioribus
1160 2538 1258 2586 autern

202 2625 308 2683 nostris
323 2627 476 2700 ‘optumus
495 2624 674 2694 maxumus’,
690 2621 854 2698 etquidem
874 2632 943 2681 ante
964 2626 1119 2700 ‘optumus
1129 2625 1146 2696 ’,
1162 2622 1193 2682 id
1214 2633 1259 2682 est

203 2721 492 2793 beneficentissimus,
513 2739 602 2797 quam
624 2721 821 2794 ‘maxumus',
844 2719 913 2796 quia
936 2721 1029 2781 maius
1052 2730 1097 2780 est
1120 2730 1258 2796 certeque

204 2818 309 2894 gratius
333 2818 473 2895 prodesse
497 2819 632 2877 omnibus
656 2836 745 2894 quam
769 2835 842 2893 opes
865 2836 986 2894 magnas
1011 2817 1258 2877 habere—hunc

166 2928 192 2970 aa
204 2915 289 2991 igitur
302 2916 424 2988 Ennim,
438 2924 470 2973 ut
484 2933 571 2991 supra
585 2914 655 2986 dixi,
669 2924 820 2990 nuncupat
834 2915 875 2973 ita
888 2915 1008 2974 dicens:
1271 2942 1296 2983 ις

284 3056 419 3151 Αέρίοε
447 3071 515 3132 hoc
547 3073 704 3132 sublime
737 3072 916 3147 candens,
944 3093 1049 3150 quem
1082 3077 1259 3133 invocant

847 3172 973 3230 omnes
1002 3172 1136 3244 Iovem,

204 3304 317 3381 planius
339 3322 427 3381 quam
449 3303 505 3361 alio
527 3303 595 3361 loco
617 3302 715 3362 idem:

285 3452 367 3523 Cul,
396 3448 494 3525 quod
526 3449 562 3508 in
596 3467 649 3507 me
684 3458 753 3521 est,
787 3450 1010 3508 exsecrabor
1041 3449 1126 3522 hoc,
1159 3449 1258 3526 quod
1373 3533 1375 3537 ,

691 3546 833 3617 ·lucet,
856 3543 1040 3621 quicquid
1057 3555 1113 3605 est
1127 3565 1137 3620 3
1241 3589 1243 3593 ι
1272 3578 1297 3618 ῃ

204 3694 283 3752 hunc
297 3693 385 3751 etiam
400 3709 521 3767 augures
535 3692 634 3762 nostri,
646 3710 714 3749 cum
724 3691 827 3750 dicunt
841 3696 849 3723 ‘
862 3693 932 3750 Iove
947 3692 1084 3767 fulgente,
1099 3702 1220 3750 tonante
1230 3693 1237 3722 '
1249 3712 1273 3765 ;·

204 3788 306 3846 dicunt
333 3788 412 3845 enim
441 3787 554 3862 ‘caelo¹
569 3786 705 3862 fulgente,
730 3796 850 3845 tonante
858 3789 875 3847 '.
918 3787 1075 3864 Euripides
1094 3797 1201 3861 autem,
1226 3796 1273 3848 ut³

204 3883 296 3943 multa
315 3881 473 3960 praeclare,
488 3882 531 3941 sic
552 3882 610 3940 hoc
630 3881 772 3942 breviter:
