2932 4364
232 408 292 470 124
555 405 605 456 nn
626 405 772 456 uarum
794 405 952 456 oportuit.

226 561 362 621 ossibus?
381 578 457 636 quae
472 560 604 620 subiecta
617 560 733 637 corpori
747 560 891 620 mirabiles
906 561 1112 621 commissuras
1129 562 1239 622 habent
1251 570 1283 622 et

226 657 266 715 ad
280 658 464 715 stabilitatem
478 667 561 732 aptas
575 666 604 715 et
618 657 657 715 ad
671 667 748 715 artus
762 658 908 716 liniendos
928 658 1171 718 adcommodatas
1192 669 1222 718 et
1242 659 1282 718 ad

227 763 341 836 motum
356 762 386 810 et
400 752 440 810 ad
453 770 573 811 ornnem
595 753 725 828 corporis
746 754 902 812 actionem.
946 756 1016 813 Huc
1037 754 1115 812 adde
1136 773 1283 827 nervosa

227 852 332 927 quibus
346 858 423 908 artus
439 850 634 920 continentur,
650 867 811 925 eorumque
834 851 1052 926 inplicationem
1074 870 1197 927 corpore
1218 861 1282 910 toto

228 947 432 1024 pertinentem,
447 945 498 1020 qui
517 945 592 1003 sicut
606 963 697 1003 venae
719 955 749 1004 et
769 947 890 1005 arteriae
911 965 929 1004 a
949 947 1039 1005 eorde
1060 948 1143 1006 tracti
1164 958 1194 1005 et
1215 965 1281 1023 pro·
1302 971 1314 1011 r

184 1019 298 1126 ffisecti
312 1044 342 1101 in
357 1060 462 1118 corpus
477 1059 566 1100 omne
581 1040 736 1100 ducuntur.
778 1040 826 1101 Ad
846 1045 922 1100 hanc
936 1042 1149 1118 providentiam
1164 1054 1283 1102 naturae

227 1152 288 1198 tam
302 1140 473 1215 diligentem
489 1147 608 1213 tamque
629 1139 775 1196 sollertem
797 1137 916 1214 adiungi
937 1140 1028 1197 multa
1042 1149 1173 1214 possunt,
1188 1157 1205 1198 e
1219 1141 1283 1215 qui-

228 1239 282 1296 bus
303 1236 492 1312 intellegatur,
507 1244 634 1310 quantae
655 1252 701 1292 res
723 1234 890 1294 hominibus
915 1233 950 1313 [a
970 1233 1031 1314 dis]
1054 1253 1201 1312 quamque
1223 1237 1282 1295 exi·

229 1334 304 1391 miae
318 1334 441 1392 tributae
456 1332 522 1390 sint.
565 1331 651 1405 Quae
665 1331 791 1407 primum
810 1349 862 1390 eos
884 1332 975 1391 humo
990 1333 1131 1391 excitatos
1145 1334 1240 1392 celsos
1254 1343 1284 1391 et

228 1440 341 1489 erectos
370 1429 527 1499 constituit,
550 1438 581 1485 ut
609 1427 732 1485 deorum
760 1429 958 1503 cognitionem
985 1429 1100 1487 caelum
1134 1429 1282 1486 intuentes
1299 1457 1323 1484 ιο

228 1544 333 1603 capere
352 1536 481 1602 possent.
524 1525 596 1583 Sunt
617 1524 696 1581 enim
717 1541 754 1582 ex
774 1532 850 1582 terra
871 1524 1009 1601 homines
1026 1541 1088 1582 non
1112 1534 1144 1583 ut
1168 1525 1283 1583 incolae

228 1634 315 1698 atque
330 1622 515 1692 habitatores,
530 1620 583 1679 sed
598 1621 681 1696 quasi
702 1630 881 1695 spectatores
903 1639 1072 1696 superarum
1085 1639 1182 1679 rerum
1195 1632 1284 1697 atque

228 1720 407 1791 caelestium,
421 1718 544 1794 quamm
559 1717 760 1793 spectaculum
775 1717 814 1775 ad
827 1717 939 1775 nullum
953 1716 1032 1776 aliud
1045 1735 1138 1792 genus
1152 1718 1283 1776 animan-

228 1818 302 1877 tium
326 1817 460 1892 pertinet.
502 1816 609 1875 Sensus
634 1824 732 1872 autem
757 1814 928 1889 interpretes
956 1832 992 1871 ac
1016 1815 1110 1872 nuntii
1133 1832 1229 1872 rerum
1254 1815 1284 1872 in

230 1916 326 1991 capite
340 1924 490 1989 tamquam
503 1913 533 1970 in
547 1929 614 1970 arce
629 1911 749 1970 mirifice
769 1910 808 1969 ad
829 1929 897 1969 usus
917 1912 1098 1970 necessarios
1116 1922 1146 1969 et
1166 1912 1233 1969 sacti
1255 1921 1284 1970 et
1298 1935 1321 1974 ιε

230 2011 377 2073 conlocati
398 2022 474 2071 sunt.
517 2012 596 2068 Nam
618 2010 696 2068 oculi
720 2019 871 2085 tamquam
893 2010 1091 2086 speculatores
1113 2008 1284 2068 altissimum

230 2112 330 2170 locum
354 2109 496 2180 obtinent,
518 2126 556 2167 ex
579 2125 639 2183 quo
662 2107 786 2182 plurima
812 2107 1027 2182 conspicientes
1052 2107 1208 2182 fungantur
1231 2126 1285 2166 suo

187 2222 224 2264 141
232 2223 353 2265 munere
364 2224 373 2277 ;
394 2214 424 2263 et
444 2222 537 2276 aures,
560 2223 629 2262 cum
650 2222 756 2262 sonum
777 2205 928 2279 percipere
951 2202 1088 2275 debeant,
1109 2205 1160 2279 qui
1183 2213 1286 2261 natura

237 2299 300 2380 [in]
318 2301 440 2359 sublime
455 2301 551 2371 sertur,
566 2309 645 2357 recte
667 2300 695 2357 in
717 2299 781 2357 altis
802 2317 958 2373 corporum
980 2300 1108 2374 partibus
1126 2300 1285 2357 collocatae

233 2408 319 2470 sunt3
340 2397 468 2471 itemque
483 2413 567 2452 nares
580 2404 619 2465 et,
631 2393 712 2469 quod
726 2395 821 2452 onmis
836 2393 911 2452 odor
924 2392 963 2451 ad
977 2411 1082 2468 supera
1095 2395 1191 2466 sertur,
1206 2405 1285 2452 recte
1299 2417 1324 2444 ω

233 2512 346 2553 sursum
368 2502 434 2550 sunt
449 2501 487 2563 et,
502 2491 583 2567 quod
599 2491 656 2548 cibi
671 2500 700 2548 et
715 2491 841 2566 potionis
864 2490 1005 2549 iudicium
1026 2509 1165 2566 magnum
1187 2509 1286 2550 earum

234 2601 287 2662 est,
302 2608 362 2648 non
377 2590 439 2647 sine
454 2607 543 2645 causa
555 2588 733 2645 vicinitatem
747 2589 804 2646 oris
818 2597 936 2646 secutae
951 2597 1027 2646 sunt.
1069 2589 1133 2645 Iam
1147 2597 1286 2663 gustatus,

234 2688 284 2763 qui
298 2686 405 2745 sentire
421 2703 532 2756 eorum,
547 2685 652 2760 quibus
667 2685 818 2755 vescimur,
834 2702 942 2761 genera
956 2683 1055 2756 debet,
1070 2684 1181 2742 habitat
1202 2685 1231 2743 in
1253 2703 1289 2742 ea

234 2793 316 2859 parte
341 2784 407 2853 oris,
429 2800 487 2858 qua
511 2782 665 2840 esculentis
691 2791 720 2840 et
743 2782 900 2857 potulentis
929 2781 982 2839 iter
1009 2790 1111 2839 natura
1139 2782 1287 2857 patefecit.

234 2882 344 2938 Tactus
358 2890 455 2936 autem
470 2888 534 2936 toto
548 2896 670 2952 corpore
685 2879 873 2952 aequabiliter
887 2878 966 2936 susus
980 2887 1033 2949 est,
1048 2887 1081 2935 ut
1094 2895 1198 2936 omnes
1213 2877 1287 2935 ictus
1300 2906 1325 2944 ις

236 2994 398 3051 omnesque
412 2975 548 3033 minimos
563 2985 593 3033 et
606 2975 717 3051 frigoris
738 2984 768 3033 et
788 2975 890 3033 caloris
912 2974 1050 3050 adpulsus
1071 2975 1177 3033 sentire
1196 2976 1288 3050 possi-

191 3102 207 3131 n
237 3093 312 3133 mus.
354 3076 450 3149 Atque
465 3081 497 3131 ut
511 3073 540 3130 in
559 3071 700 3132 aedificiis
722 3073 872 3130 architecti
894 3080 1027 3130 avertunt
1047 3072 1085 3131 ab
1108 3071 1201 3130 oculis
1214 3071 1288 3128 nari·

237 3173 351 3247 busque
365 3170 552 3229 dominorum
567 3189 611 3243 ea,
626 3188 702 3246 quae
716 3170 890 3246 pmlluentia
903 3170 1070 3228 necessario
1087 3169 1171 3228 taetri
1192 3179 1290 3228 essent

238 3268 348 3345 aliquid
363 3269 504 3342 habitura,
518 3270 560 3327 sic
574 3280 677 3327 natura
690 3288 736 3327 res
750 3269 850 3327 similis
863 3269 966 3344 procul
986 3266 1153 3327 amandavit
1167 3286 1185 3326 a
1198 3269 1289 3327 sensi·

195 3350 232 3458 1⁵4}
240 3368 303 3425 bus.
346 3366 420 3441 Quis
434 3384 503 3424 vero
524 3367 623 3441 opifex
644 3376 757 3442 praeter
777 3376 919 3437 naturam,
934 3383 993 3440 qua
1015 3365 1086 3423 nihil
1107 3375 1204 3440 potest
1225 3383 1289 3423 esse
1303 3393 1328 3430 ³0

187 3489 190 3492 ·
239 3462 380 3535 callidius,
395 3472 505 3520 tantam
521 3462 676 3521 sollertiam
691 3462 826 3538 persequi
840 3462 982 3537 potuisset
996 3461 1026 3519 in
1041 3461 1195 3520 sensibus?
1214 3479 1290 3537 quae

239 3561 365 3636 primum
381 3560 483 3618 oculos
498 3560 674 3618 membranis
695 3559 870 3617 tenuissimis
884 3559 998 3618 vestivit
1019 3567 1049 3616 et
1071 3558 1178 3634 saepsit
1188 3579 1197 3631 ;
1219 3576 1291 3634 quas
1327 3543 1333 3568 ⁸

239 3657 365 3731 primurn
387 3655 552 3731 perlucidas
566 3656 643 3726 fecit,
658 3665 690 3713 ut
704 3673 755 3730 per
769 3673 819 3712 eas
840 3655 920 3712 cerni
941 3665 1049 3730 posset,
1065 3654 1162 3712 sirmas
1183 3664 1290 3726 autem,

240 3764 271 3809 ut
285 3753 523 3823 continerentur;
544 3751 596 3808 sed
619 3750 744 3808 lubricos
759 3750 860 3806 oculos
875 3750 944 3807 secit
959 3760 988 3806 et
1003 3751 1134 3816 mobiles,
1149 3761 1181 3807 ut
1195 3761 1225 3807 et
1239 3749 1290 3808 de·

240 3848 389 3920 clinarent,
404 3847 428 3905 si
443 3845 514 3922 quid
534 3855 664 3918 noceret,
679 3856 709 3903 et
728 3855 890 3921 aspectum,
905 3862 965 3921 quo
983 3844 1099 3917 vellent,
1114 3844 1198 3903 facile
1219 3862 1290 3903 con·
1304 3867 1329 3908 ³⁵
