2932 4364
431 411 435 420 ,
533 359 599 409 sm.
615 358 637 408 1.
670 359 732 408 cu.
751 358 900 417 xu-xvu.
934 358 965 423 55
977 358 1066 425 ,ω
1278 357 1319 424 45

276 510 412 586 appellat,
423 510 630 586 sempiternam
644 527 740 568 rerum
754 510 914 568 suturarum
924 510 1093 583 veritatem
1114 528 1238 585 quorum
1251 510 1323 569 nihil

275 607 331 664 tale
346 615 400 678 est,
414 614 447 665 ut
460 607 491 664 in
504 623 542 664 eo
555 605 597 664 vis
612 605 711 664 divina
724 606 818 664 inesse
832 604 972 663 videatur.
1014 607 1052 663 Et
1069 604 1144 663 haec
1158 604 1278 680 quidem
1292 606 1359 664 intr

275 702 370 777 primo
391 701 464 759 libro
479 700 517 759 de
532 709 635 759 natura
647 699 789 770 deorum;
811 700 842 759 in
862 699 995 759 secundo
1016 710 1115 758 autem
1128 700 1188 759 volt
1202 700 1322 776 Orphei,

277 796 401 872 Musaei,
418 796 546 856 Hesiodi
567 797 749 872 Homerique
763 797 881 856 fabellas
895 795 1121 855 accommodare
1136 795 1233 869 adea,
1248 815 1322 873 quae

246 910 258 949 s
277 894 339 970 ipse
353 893 448 969 primo
462 894 535 951 libro
549 892 588 951 de
602 892 666 952 deis
680 893 879 952 inmortalibus
893 892 1013 964 dixerat,
1028 902 1061 952 ut
1079 894 1167 952 etiam
1180 893 1324 952 veterrimi

276 991 392 1065 poetae,
406 989 458 1064 qui
478 989 552 1046 haec
566 1006 604 1047 ne
618 988 756 1068 suspicati
771 988 891 1064 quidem
912 990 979 1061 sint,
994 989 1084 1048 Stoici
1104 989 1191 1047 fuisse
1205 988 1323 1048 videan-
1340 982 1341 986 ’

277 1095 331 1144 tur.
373 1085 472 1159 Quem
494 1085 643 1161 Diogenes
665 1086 841 1162 Babylonius
861 1103 1046 1160 consequens
1067 1084 1098 1143 in
1119 1103 1156 1143 eo
1176 1085 1265 1157 libro,
1274 1085 1324 1162 qui

278 1182 441 1241 inscribitur
454 1180 493 1240 de
508 1181 650 1253 Minerva,
665 1191 780 1257 partum
794 1182 872 1241 Iovis
886 1191 1040 1256 ortumque
1054 1181 1169 1256 virginis
1190 1181 1230 1240 ad
1250 1181 1322 1259 phy-

278 1276 429 1352 siologiam
442 1277 598 1336 traducens
611 1277 734 1353 diiungit
747 1296 766 1335 a
779 1277 884 1337 sabula.

242 1391 267 1418 ¹0
291 1342 452 1448 ,l‘Exposui
478 1374 537 1430 sere
565 1392 627 1431 non
653 1372 893 1449 philosophorum
921 1372 1038 1444 iudicia,
1063 1371 1117 1431 sed
1140 1355 1369 1462 delirantiumff

278 1467 401 1526 somnia.
442 1469 509 1526 Nec
530 1469 608 1527 enim
629 1468 720 1527 multo
741 1467 909 1527 absurdiora
929 1477 996 1526 sunt
1015 1485 1059 1538 ea,
1074 1485 1150 1542 quae
1170 1469 1324 1544 poitarum

279 1563 399 1622 vocibus
423 1564 487 1622 lusa
510 1563 573 1639 ipsa
596 1565 735 1623 suavitate
755 1572 927 1636 nocuerunt,
948 1563 1050 1639 quiet
1070 1563 1111 1621 ira
1130 1562 1325 1623 inflammatos

280 1669 311 1718 et
322 1659 442 1719 libidine
456 1660 575 1719 furentis
589 1659 765 1719 induxemnt
778 1659 851 1719 deos
864 1660 1063 1735 feceruntque,
1078 1669 1111 1718 ut
1125 1677 1225 1718 eorum
1239 1659 1325 1734 bella,

280 1756 399 1833 proelia,
427 1772 548 1833 pugnas,
573 1756 692 1816 vulnera
713 1756 888 1829 videremus,
913 1755 983 1816 odia
1008 1766 1167 1832 praeterea,
1191 1756 1326 1830 discidia,

245 1876 269 1916 u
281 1852 452 1925 discordias,
473 1863 562 1926 ortus,
584 1852 724 1925 interitus,
743 1854 893 1930 querellas,
914 1851 1146 1925 lamentationes,
1167 1854 1273 1914 effusas
1296 1853 1328 1913 in

281 1949 363 2027 omni
383 1950 607 2024 intemperantia
626 1949 770 2022 libidines,
791 1948 941 2021 adulteria,
958 1948 1083 2021 vincula,
1105 1968 1173 2008 cum
1197 1949 1218 2007 h
1270 1969 1328 2009 ano

282 2062 388 2120 genere
409 2044 583 2128 concubitus
603 2045 789 2119 mortalisque
811 2063 848 2102 ex
868 2044 1012 2102 inmortali
1032 1960 1328 2204 procreatofflum
1340 2063 1365 2104 rs

281 2139 434 2215 poetarum
461 2147 561 2196 autem
588 2156 683 2196 errore
710 2140 886 2214 coniungere
914 2139 983 2196 licet
1008 2148 1144 2213 portenta
1225 2159 1329 2216 gomm

281 2221 550 2312 Aegyptiorumque
569 2233 600 2293 in
618 2233 726 2294 eodem
744 2252 852 2312 genere
866 2233 1054 2307 dementiam,
1068 2243 1131 2293 tum
1150 2235 1239 2294 etiam
1252 2236 1330 2313 vulgi

245 2331 444 2407 „opiniones
466 2348 542 2407 quae
570 2330 601 2389 in
628 2332 755 2389 maxima
781 2330 976 2389 inconstantia
995 2331 1121 2390 veritatis
1149 2331 1329 2406 ignoratione

274 2435 440 2508 '‘versantur.
495 2427 541 2484 Ea
566 2425 617 2501 qui
644 2425 811 2484 consideret
837 2445 926 2500 quam
955 2425 1118 2484 inconsulte
1151 2445 1187 2485 ac
1219 2436 1330 2487 temere
1369 2475 1399 2501 ,,

282 2520 425 2593 dicentum
439 2521 570 2579 venerari
589 2521 749 2596 Epicurum
770 2529 799 2578 et
820 2521 850 2578 in
870 2539 972 2578 eorum
993 2521 1122 2595 ipsorum
1143 2540 1275 2594 numero,
1291 2523 1330 2582 de
1377 2504 1393 2573 s

252 2659 257 2674 s
282 2615 388 2690 quibus
415 2612 490 2673 haec
514 2615 646 2689 quaestio
673 2624 726 2686 est,
751 2614 858 2673 habere
883 2615 999 2673 debeat.
1042 2616 1126 2674 Solus
1154 2618 1234 2675 enim
1259 2618 1331 2676 vidit

185 2704 188 2709 ’
319 2711 411 2770 'mum
431 2728 496 2769 esse
517 2710 598 2782 deos,
619 2710 701 2786 quod
721 2711 752 2770 in
772 2711 905 2769 omnium
925 2711 1029 2769 animis
1051 2730 1153 2770 eorum
1176 2714 1330 2772 notionem
1355 2709 1394 2793 ,X

283 2807 475 2883 impressisset
495 2807 559 2883 ipsa
578 2815 688 2866 natura.
731 2808 815 2882 Quae
835 2816 879 2866 est
897 2807 976 2865 enim
993 2825 1065 2883 gens
1078 2817 1129 2866 aut
1142 2807 1330 2885 quodgenus

179 2882 185 2903 ⁵
201 2910 204 2915 ’
264 2944 267 2950 1
283 2901 445 2975 hominum,
459 2903 541 2980 quod
559 2923 620 2963 non
638 2903 745 2962 habeat
761 2904 822 2962 sine
837 2903 970 2963 doctrina
986 2880 1329 2981 anticifialidil'e'ffluan·

284 2998 354 3058 dam
373 2998 518 3059 deorum?
537 3018 626 3074 quarn
653 3000 779 3075 appellat
804 2999 947 3076 πρόληψιν
974 3001 1127 3092 Ep'chrus,
1149 2999 1181 3059 id
1208 3010 1253 3060 est
1267 3020 1330 3087 an-

283 3102 432 3170 teceptam
458 3095 557 3153 animo
584 3095 627 3154 rei
655 3095 803 3170 quandam
830 3065 1073 3168 inlomdtlbbbm,
1098 3098 1173 3155 sine¹
1189 3103 1332 3172 quarnec

284 3190 412 3267 intellegi
438 3191 596 3267 quicquam
623 3209 681 3249 nec
708 3190 808 3265 quaeri
834 3209 892 3248 nec
919 3191 1059 3267 disputari
1086 3202 1193 3268 potest.
1241 3195 1331 3253 Cuius

247 3286 402 3351 arationis
417 3288 476 3346 vim
497 3295 585 3362 atque
607 3287 757 3345 utilitatem
778 3305 815 3345 ex
834 3287 883 3345 illo
902 3287 1020 3346 caelesti
1039 3288 1160 3364 Epicuri
1176 3288 1215 3348 de
1233 3290 1332 3365 regula

232 3433 237 3442 ,
285 3389 316 3440 et
341 3381 450 3441 iudicio
473 3381 620 3441 volumine
647 3381 825 3456 accepimus.
878 3381 970 3456 Quod
997 3383 1082 3458 igitur
1108 3369 1393 3511 fundamentum&

285 3476 370 3536 huius
386 3478 564 3553 quaestionis
585 3488 638 3550 est,
656 3476 687 3536 id
706 3478 854 3554 praeclare
874 3478 982 3537 iactum
998 3479 1112 3537 videtis.
1155 3479 1232 3537 Cum
1253 3479 1332 3537 enim

285 3592 346 3633 non
357 3614 364 3628 Α.
372 3575 503 3634 instituto
527 3575 624 3650 aliquo
648 3584 697 3633 aut
721 3593 802 3633 more
826 3583 877 3633 aut
899 3575 964 3650 lege
988 3574 1024 3633 sit
1047 3575 1147 3650 opinio
1176 3575 1333 3633 constituta

286 3679 461 3746 maneatque
476 3668 515 3728 ad
528 3689 619 3729 unum
633 3671 765 3729 omniurn
783 3670 867 3728 firma
885 3668 1050 3742 consensio,
1065 3670 1192 3763 iqtellegi
1210 3688 1332 3729 necesse

248 3787 273 3826 as
286 3774 331 3824 est
349 3778 413 3825 ess'e
427 3765 509 3838 deos,
525 3767 664 3840 quoniam
685 3766 783 3824 insitas
804 3785 906 3824 eorum
920 3766 966 3823 vel
984 3766 1080 3839 potius
1099 3765 1211 3824 innatas
1232 3767 1331 3842 cogni·
