2932 4364
496 368 563 419 me.
579 369 602 418 1.
635 368 886 419 cmxm-xmn.
921 368 951 432 ιι
969 378 1088 430 114-120.
1274 353 1318 434 67

266 518 356 592 tione,
378 518 460 595 quod
483 518 597 595 gloriari
620 519 727 590 soletis,
748 519 832 577 facile
860 528 905 578 est
930 484 1053 590 liberarl,
1076 537 1145 578 cum
1172 520 1317 580 sustuleris

266 632 386 673 omnem
400 615 458 673 vim
473 613 617 687 deorum;
638 614 693 672 nisi
713 614 786 672 forte
807 614 966 688 Diagoram
988 623 1038 673 aut
1050 614 1252 688 Theodorum,
1267 617 1318 691 qui
1351 671 1353 674 ,

267 710 388 769 omnino
403 709 476 768 deos
489 727 554 768 esse
568 709 724 784 negabant,
738 726 841 767 censes
858 709 1072 784 superstitiosos
1093 726 1157 768 esse
1178 711 1317 785 potuisse.

268 807 333 880 Ego
346 824 384 864 ne
400 807 586 880 Protagoram
600 805 730 879 quidem,
745 805 794 863 cui
807 813 942 864 neutrum
957 805 1079 876 licuerit,
1094 823 1152 863 nec
1166 823 1230 864 esse
1244 806 1318 866 deos

236 920 248 960 s
266 919 398 959 necnon
412 918 486 960 esse.
528 902 646 958 Horum
660 900 739 957 eninr
753 900 914 958 sententiae
930 900 1062 959 omnium
1083 918 1144 959 non
1164 901 1256 960 modo
1270 921 1317 960 su·

266 996 466 1075 perstitionem
480 996 593 1068 tollunt,
604 997 634 1054 in
648 1014 708 1070 qua
720 995 796 1054 inest
809 995 896 1054 timor
909 995 1003 1054 inanis
1017 994 1151 1070 deorum,
1161 996 1216 1056 sed
1230 999 1317 1057 etiarn

266 1093 446 1169 religionem,
467 1111 544 1169 quae
566 1091 689 1151 deorum
712 1091 790 1150 cultu
812 1091 864 1168 pio
886 1092 1060 1152 continetur.
1102 1093 1204 1168 Quid?
1224 1094 1317 1171 ii,⁴qui
1325 1107 1362 1148 118
1386 1095 1388 1097 ’

267 1189 402 1248 dixerunt
421 1198 515 1248 totam
532 1188 570 1247 de
592 1187 637 1247 dis
658 1187 857 1247 inmortalibus
878 1188 1049 1265 opinionem
1072 1190 1172 1249 fictam
1193 1210 1258 1251 esse
1280 1193 1318 1251 ab
1364 1262 1366 1273 Ι

267 1285 433 1344 hominibus
457 1284 636 1360 sapientibus
659 1283 701 1342 rei
725 1283 860 1360 publicae
883 1302 981 1358 causa,
1002 1295 1043 1358 ut,
1058 1304 1139 1362 ¹quos
1161 1288 1234 1347 ratio
1255 1306 1317 1348 non
1356 1218 1367 1345 l

231 1405 255 1432 10
267 1389 375 1456 posset,
390 1398 441 1440 eos
463 1380 502 1438 ad
522 1380 652 1438 officium
672 1378 772 1455 religio
796 1379 927 1453 duceret,
941 1399 1040 1441 nonne
1065 1400 1186 1441 omnem
1203 1384 1315 1460 religio-

267 1494 336 1535 nem
356 1476 486 1536 {unditus
506 1475 702 1535 sustulerunt?
743 1474 845 1550 Quid?
860 1473 1007 1536 'Prodicus
1018 1466 1101 1551 Cius,
1116 1479 1224 1556 quiea,
1239 1499 1316 1556 quae

267 1569 440 1649 prodessent
453 1572 704 1646 hominumwvitae,
720 1573 889 1634 deorum-in
901 1592 1024 1634 numero
1038 1573 1136 1635 habita
1156 1594 1220 1636 esse
1234 1577 1315 1650 dixit,
1342 1580 1362 1675 ι
1386 1634 1389 1639 ι

267 1690 355 1749 quam
377 1669 500 1732 tandem
524 1671 692 1749 religionem
717 1672 852 1750 reliquit?
888 1671 995 1751 Quid?
1013 1669 1070 1751 'qui
1085 1683 1140 1734 ¹aut
1163 1674 1244 1735 sortis
1266 1648 1406 1760 annuli

267 1770 359 1831 claros
385 1778 436 1831 eut
462 1770 599 1848 potentis·
613 1772 690 1832 viros
713 1771 831 1835 tradunt
855 1781 924 1852 post
947 1782 1071 1833 mortem
1095 1772 1134 1833 ad
1156 1772 1229 1834 deos
1250 1773 1315 1852 per·
1382 1770 1386 1776 “

231 1898 254 1937 15
266 1871 388 1943 venisse,
403 1888 518 1946 eosque
527 1881 591 1930 esse
609 1870 698 1948 ipsos,
713 1864 790 1947 quos
807 1867 862 1931 nos
883 1867 989 1944 colere,
1004 1872 1116 1949 precari
1128 1870 1316 1949 venerarique

267 1967 420 2040 soleamus,
435 1979 537 2027 nonne
553 1976 686 2044 expertes
700 1962 774 2027 'sunt
786 1963 958 2044 religionum
972 1968 1126 2027 omnium?
1145 1984 1222 2044 quae
1243 1970 1317 2029 ratio

267 2064 393 2122 maxime
405 2073 530 2122 ⁸tractata
543 2064 581 2122 ab
595 2057 763 2122 Euhemero
781 2073 833 2135 est,
849 2080 938 2139 quem
958 2073 1058 2125 noster
1071 2071 1106 2123 et'
1115 2064 1317 2140 interpretatus

268 2168 297 2217 et
311 2168 428 2217 secutus
442 2167 487 2218 est
500 2167 619 2235 praeter‘
628 2168 742 2218 ceteros
757 2159 879 2218 Ennius.
921 2155 968 2218 Ab
983 2154 1150 2217 Euhemero
1170 2169 1268 2218 autem
1289 2168 1320 2220 et

267 2266 375 2314 mortes
388 2263 427 2313 et
438 2256 602 2331 sepulturae
616 2254 852 2314 demonstrantur
864 2254 997 2313 deorum.
1038 2256 1145 2315 Utrum
1165 2255 1251 2330 igitur
1270 2255 1319 2314 hic

230 2351 455 2410 „confirmasse
478 2351 592 2410 videtur
617 2344 800 2425 religionem
815 2345 860 2408 an'
880 2349 997 2425 penitus
1024 2358 1117 2408 totam
1150 2350 1320 2410 sustulisse?

267 2447 393 2552 Omitto
402 2447 570 2506 Eleusinem
590 2444 722 2504 sanctam
742 2444 828 2504 illam
842 2455 872 2504 et
891 2454 1053 2521 augustam,
1160 2463 1162 2467 ·
1350 2444 1368 2464 λ’

363 2549 480 2629 Ubi
489 2565 689 2627 initiantur
703 2555 833 2674 gentes
853 2584 997 2650 orarum
1015 2538 1196 2642 ἸιἰΙΙιίιιιιιι,
1272 2572 1273 2576 ’

266 2700 426 2771 praetereo
428 2687 660 2764 Samothraciam
669 2705 787 2765 eaque,
791 2705 867 2770 quae
882 2656 1024 2762 Lemni
1156 2683 1158 2688 ’

335 2813 591 2872 ·r⁴¹Noctutno
611 2809 724 2871 aditu
735 2811 885 2869 occulta
904 2742 1136 2884 coluntur,
1139 2888 1140 2891 Ἴ

229 2938 273 2978 ις,
301 2925 312 2939 ’·
381 2907 677 2968 Silvestribus
698 2907 882 2983 saepibus
894 2906 1065 2966 densa.

267 3025 384 3124 Quibus
395 3016 545 3134 enplicatis
559 3028 598 3088 ad
610 3009 813 3123 rationemque
827 3029 969 3146 revdcatis
986 3048 1082 3091 rerum
1098 3016 1195 3134 magis
1215 2999 1319 3143 natura

267 3115 467 3233 cognoscitur
466 3124 554 3202 quain
557 3122 715 3185 deorum.
731 3113 737 3151 ¹
779 3113 821 3148 ¹

268 3223 383 3282 Mihi
390 3216 524 3301 quidem
533 3211 628 3282 etiam
643 3202 896 3296 Democritus,v1r
917 3232 1039 3311 magnus
1061 3222 1092 3284 in
1112 3206 1220 3300 primis,
1235 3224 1317 3285 cuius
1328 3221 1366 3278 48

267 3319 394 3380 lontibus
409 3320 565 3397 Epicurus
570 3319 718 3407 hortulos
721 3322 802 3379 suos
810 3306 951 3396 inrigavit,
960 3329 1067 3379 nutare
1080 3320 1224 3381 videtur
1215 3341 1246 3381 ιιι
1266 3300 1367 3380 ιιι-1ὶο

231 3448 256 3486 ‚0
267 3425 331 3474 tura
343 3414 476 3475 deorum,
516 3417 595 3476 Turn
615 3402 695 3475 enlm
717 3424 818 3476 censet
839 3416 980 3494 imagines
1003 3416 1151 3476 divinitate
1171 3418 1316 3494 praeditas

267 3511 361 3570 inesse
375 3507 405 3571 in
419 3512 602 3571 universitate
623 3529 728 3584 rerum,
732 3520 805 3570 tum
827 3511 970 3587 principia
984 3513 1098 3584 mentis,
1113 3531 1188 3588 quae
1210 3514 1267 3573 sint
1288 3515 1319 3572 in

267 3606 375 3666 eodem
388 3607 531 3680 universo,
547 3607 621 3667 deos
634 3625 698 3666 esse
713 3607 794 3679 dicit,
809 3617 871 3667 tum
894 3609 1057 3667 animantes
1078 3609 1227 3685 imagines,
1243 3629 1318 3685 quae

266 3703 313 3762 vel
334 3702 474 3780 prodesse
496 3703 580 3763 nobis
604 3704 717 3763 soleant
739 3703 786 3764 vel
809 3722 926 3777 nocere,
942 3712 1003 3762 tum
1028 3705 1153 3781 ingentis
1176 3706 1318 3782 quasdam

267 3798 408 3876 imagines
434 3807 597 3878 tantasque,
617 3808 650 3860 ut
669 3799 837 3860 universum
859 3800 1003 3860 mundum
1024 3802 1247 3879 conplectantur
1268 3822 1317 3862 ex·
