2932 4364
149 342 190 404 68
477 357 526 406 nn
547 356 695 406 Nurum
715 354 876 408 osonum.
929 389 931 393 .

148 510 308 583 trinsecus;
340 528 416 586 quae
441 510 561 586 quidem
589 509 688 568 omnia
715 519 782 569 sunt
808 510 901 586 patria
923 510 1088 570 Democriti
1111 527 1201 587 quam

105 624 142 665 121
150 607 321 665 Democrito
336 607 478 682 digniora.
521 606 595 679 Quis
609 607 687 663 enim
711 606 779 664 istas
798 606 938 681 imagines
959 607 1200 684 conprehendere

149 704 247 783 animo
261 705 378 778 potest?
394 703 459 778 quis
474 702 629 761 admirari?
650 702 715 776 quis
728 713 778 760 aut
792 703 870 762 cultu
886 713 936 761 aut
949 704 1087 778 religione
1098 704 1201 778 dignas

149 797 299 856 iudicare?
340 798 484 872 Epicurus
505 815 574 855 vero
598 814 635 854 ex
658 797 761 854 animis
783 798 936 854 hominum
955 799 1077 855 extraxit
1096 797 1201 855 radici·

150 904 196 953 tus
216 894 394 969 religionem,
409 912 479 952 cum
500 893 545 951 dis
567 893 767 951 inmortalibus
789 902 819 950 et
839 911 928 968 opem
948 903 977 951 et
995 895 1116 968 gratiam
1140 912 1200 952 sus·
1221 917 1233 956 s

149 991 222 1049 tulit.
264 991 342 1051 Cum
363 991 443 1049 enim
464 991 607 1065 optimam
636 997 665 1047 et
693 989 969 1063 praestantissimam
997 999 1129 1048 naturam
1154 990 1203 1049 dei

151 1087 230 1147 dicat
254 1106 326 1160 esse,
348 1098 436 1164 negat
463 1088 545 1147 idem
567 1104 631 1145 esse
660 1086 690 1144 in
714 1085 773 1144 deo
797 1086 938 1161 gratiam;
968 1087 1041 1145 tollit
1061 1085 1102 1158 id,
1121 1086 1203 1161 quod

150 1185 276 1243 maxime
308 1186 458 1261 proprium
487 1195 531 1242 est
560 1171 690 1258 optimae
720 1183 1043 1258 praestantissimaeque
1073 1192 1202 1241 naturae.

126 1344 127 1347 Ἴ
151 1280 231 1356 Quid
253 1282 331 1339 enim
353 1282 456 1339 melius
478 1291 527 1339 aut
540 1279 613 1355 quid
627 1279 819 1354 praestantius
835 1279 967 1337 bonitate
988 1288 1018 1336 et
1035 1279 1202 1338 beneficen-

151 1379 211 1437 tia?
233 1379 318 1452 *Qua
340 1397 408 1437 cum
431 1395 530 1436 carere
553 1376 644 1435 deum
660 1376 754 1448 vultis,
777 1376 927 1434 neminem
952 1374 1010 1434 deo
1032 1394 1089 1434 nec
1113 1375 1202 1434 deum
1217 1405 1242 1432 ιο

150 1493 207 1535 nec
230 1476 381 1536 hominem
405 1493 514 1547 carum,
538 1474 686 1533 neminem
707 1473 745 1532 ab
769 1491 807 1532 eo
827 1473 926 1545 amari,
951 1473 1100 1532 neminem
1125 1472 1205 1550 diligi

150 1574 243 1634 vultis.
286 1575 332 1632 Ita
355 1575 395 1645 lit,
421 1583 452 1631 ut
480 1590 547 1630 non.
564 1570 660 1630 modo
689 1571 824 1629 homines
852 1588 870 1627 a
897 1569 969 1642 deis,
995 1570 1050 1629 sed
1078 1571 1132 1646 ipsi
1156 1570 1206 1629 dei

108 1671 226 1729 llinter
245 1689 277 1729 se
292 1670 330 1729 ab
343 1671 405 1729 aliis
425 1670 472 1728 alii
494 1668 691 1744 neglegantur.
734 1659 854 1742 Quanto
877 1668 967 1726 Stoici
989 1668 1101 1739 melius,
1117 1669 1168 1743 qui
1188 1687 1207 1725 a

151 1768 233 1826 vobis
256 1766 528 1842 reprehenduntur!
570 1766 703 1826 Censent
726 1774 826 1823 autem
855 1765 1002 1840 sapientes
1026 1766 1206 1840 sapientibus

152 1865 241 1923 etiam
262 1865 368 1940 ignotis
390 1882 455 1922 esse
477 1863 597 1922 amicos.
640 1862 721 1921 Nihil
743 1871 787 1920 est
809 1862 889 1921 enirn
909 1863 1013 1920 virtute
1035 1862 1185 1921 amabilius
1197 1883 1205 1935 3
1220 1843 1257 1926 ιεἱ

151 1979 241 2036 quarn
255 1961 305 2036 qui
319 1959 444 2036 adeptus
462 1961 524 2032 erit,
539 1960 717 2034 ubicumque
738 1959 791 2016 erit
812 1959 953 2035 gentium,
969 1978 987 2017 a
1006 1959 1091 2018 nobis
1105 1958 1205 2034 dilige-

107 2073 145 2114 na
152 2067 206 2117 tur.
246 2059 308 2117 Vos
329 2067 428 2129 autern
449 2057 521 2132 quid
541 2056 608 2115 mali
629 2055 713 2127 datis,
728 2074 796 2114 cum
810 2057 842 2114 in
864 2056 1051 2114 inbecillitate
1064 2042 1206 2130 gratifica-

152 2154 263 2212 tionem
291 2163 321 2212 et
344 2153 569 2212 benivolentiam
593 2153 721 2227 ponitis!
762 2153 804 2212 Ut
827 2153 906 2211 enim
931 2152 1065 2211 omittam
1088 2152 1149 2211 vim
1176 2161 1206 2210 et

152 2260 284 2308 naturam
309 2249 442 2321 deorum,
466 2265 504 2306 ne
529 2248 664 2307 homines
687 2247 808 2323 quidem
837 2249 972 2320 censetis,
997 2249 1053 2306 nisi
1079 2249 1207 2307 inbecilli

153 2355 259 2416 essent,
273 2346 384 2404 futuros
404 2344 554 2403 beneficos
568 2353 598 2402 et
612 2343 755 2418 benignos
778 2344 887 2402 luisse?
928 2345 1017 2402 Nulla
1038 2354 1083 2402 est
1104 2345 1206 2402 caritas
1219 2368 1245 2395 ω

153 2441 288 2500 naturalis
309 2441 384 2498 inter
402 2441 520 2499 bonos?
559 2440 689 2498 Carum
713 2441 810 2516 ipsum
832 2440 955 2500 verbum
973 2450 1018 2498 est
1040 2441 1156 2510 amoris,
1171 2458 1208 2497 ex

153 2555 214 2619 quo
228 2537 373 2595 amicitiae
387 2554 496 2594 nomen
510 2545 554 2594 est
568 2535 711 2609 ductum;
733 2555 823 2612 quam
837 2537 862 2595 si
876 2536 915 2595 ad
929 2537 1056 2595 fructum
1076 2545 1206 2594 nostrum

153 2635 319 2704 referemus,
340 2651 400 2691 non
423 2632 462 2691 ad
483 2633 556 2691 illius
581 2633 750 2705 commoda,
766 2651 855 2708 quem
880 2633 1044 2709 diligemus,
1065 2651 1128 2691 non
1155 2633 1208 2691 erit

153 2732 207 2790 ista
220 2730 355 2802 amicitia,
370 2728 423 2788 sed
437 2739 600 2788 mercatura
613 2730 761 2805 quaedam
779 2719 934 2790 utilitatum
955 2749 1081 2789 suarum.
1124 2731 1209 2789 Prata

154 2837 183 2886 et
203 2846 270 2886 arva
284 2836 313 2885 et
326 2825 476 2903 pecudum
498 2845 600 2902 greges
622 2826 781 2903 diliguntur
803 2828 859 2886 isto
879 2826 980 2899 modo,
996 2825 1078 2902 quod
1100 2826 1208 2885 fructus
1221 2848 1246 2886 τε

154 2942 190 2982 ex
220 2925 254 2982 iis
286 2923 448 2998 capiuntur,
476 2922 630 2983 hominum
659 2924 763 2983 caritas
791 2933 820 2982 et
848 2923 977 2982 amicitia
1004 2922 1128 2998 gratuita
1155 2932 1207 2982 est.

80 3017 86 3107 ᾗ
155 3021 274 3096 Quanto
294 3020 380 3096 igitur
400 3020 492 3095 magis
512 3020 645 3094 deorum,
667 3021 720 3097 qui
739 3021 819 3079 nulla
839 3038 871 3079 re
892 3029 1013 3096 egentes
1032 3029 1062 3079 et
1079 3019 1155 3078 inter
1176 3039 1208 3080 se

154 3119 276 3195 diligunt
291 3127 320 3176 et
334 3117 500 3177 hominibus
522 3119 678 3178 consulunt
690 3121 697 3178 l
735 3117 826 3193 Quod
838 3117 869 3176 ni
882 3117 923 3176 ita
935 3117 980 3190 sit,
996 3116 1067 3193 quid
1088 3135 1207 3177 venera·

153 3235 226 3289 mur,
241 3215 313 3292 quid
336 3233 491 3292 precamur
511 3215 607 3275 deos?
626 3235 679 3276 cur
698 3216 788 3275 sacris
811 3215 976 3292 pontifices,
997 3234 1050 3273 cur
1072 3215 1208 3292 auspiciis

153 3332 276 3390 augures
302 3314 462 3390 praesunt?
488 3312 559 3389 quid
587 3322 723 3391 optamus
750 3332 768 3372 a
795 3313 859 3372 deis
886 3313 1108 3373 inmortalibus?
1136 3312 1207 3390 quid
1221 3335 1246 3372 ³0

109 3413 314 3477 navovemus?
354 3412 392 3469 At
405 3411 493 3469 etiam
508 3412 580 3469 liber
598 3421 642 3469 est
660 3411 779 3487 Epicuri
794 3410 839 3469 de
860 3410 1023 3468 sanctitate.
1066 3410 1209 3469 Ludimur
1248 3481 1250 3486 .

152 3508 191 3566 ab
205 3508 324 3566 homine
339 3526 400 3566 non
413 3508 583 3566 tam-laceto
599 3525 688 3582 quam
709 3506 747 3564 ad
768 3505 915 3565 scribendi
936 3506 1084 3564 licentiam
1105 3506 1206 3565 libero.

153 3605 238 3678 Quae
261 3605 341 3663 enim
363 3613 461 3680 potest
482 3621 546 3662 esse
569 3603 715 3673 sanctitas,
738 3602 760 3660 si
782 3602 831 3660 dei
853 3602 981 3660 bumana
1001 3620 1063 3660 non
1085 3604 1207 3661 curant?

152 3719 229 3776 quae
256 3710 356 3758 autern
380 3699 512 3756 animans
535 3708 638 3756 natura
661 3698 732 3756 nihil
754 3699 881 3757 curans?
920 3699 1025 3756 Verius
1050 3708 1095 3756 est
1122 3698 1207 3772 igitur

153 3797 289 3857 nimirum
317 3794 397 3865 illud,
425 3794 506 3869 quod
534 3793 677 3852 familiaris
705 3793 838 3852 omnium
865 3802 997 3851 nostrum
1031 3791 1206 3851 Posidonius
1218 3811 1243 3851 ss
1268 3867 1270 3870 Α
