2932 4364
157 353 201 434 46
421 443 425 450 .
485 367 534 417 nr
554 367 701 424 unwan
722 367 881 418 pronun.

157 522 252 582 tiones
273 522 415 582 habemus
426 543 434 597 ς
456 521 494 581 de
516 539 576 598 quo
600 530 699 580 autem
723 522 856 582 omnium
876 530 979 580 natura
999 521 1154 595 consentit,
1175 519 1207 583 id

125 655 133 670 ·
157 638 258 678 vemm
286 638 350 678 esse
378 636 501 678 necesse
529 627 592 691 est;
621 636 685 676 esse
713 619 798 693 igitur
822 617 895 677 deos
923 615 1126 677 confitendum
1153 595 1243 701 est]

159 715 249 791 Quod
264 716 404 790 quoniam
418 715 478 773 fere
493 724 608 773 constat
622 715 696 772 inter
709 715 805 793 omnis
819 733 880 772 non
893 714 1084 790 philosophos
1103 714 1207 785 solum,

158 812 211 869 sed
236 813 324 870 etiam
350 811 495 881 indoctos,
518 802 659 882 fateamur
683 820 816 868 constare
842 808 911 867 illud
936 811 1033 880 etiam,
1055 808 1131 866 hanc
1153 827 1208 867 nos
1238 862 1241 869 .

157 905 264 963 habere
292 907 351 963 sive
380 905 628 981 anticipationem,
654 912 687 961 ut
713 914 780 962 ante
805 902 873 975 dixi,
898 905 957 962 sive
986 905 1239 978 praenotionems

158 1000 281 1059 deorum
311 1002 394 1078 (sunt
422 1001 500 1057 enim
528 1001 615 1058 rebus
643 999 726 1056 novis
753 1018 830 1058 nova
855 998 995 1075 ponenda
1021 999 1151 1070 nomina,
1176 1008 1210 1057 ut

159 1096 303 1173 Epicurus
325 1097 388 1172 ipse
408 1095 551 1173 πρόληψιν
571 1095 736 1170 appellavit,
751 1112 840 1169 quam
858 1104 945 1153 antea
963 1113 1053 1154 nemo
1068 1112 1105 1153 eo
1119 1094 1209 1153 verbo

120 1211 146 1253 ro
158 1191 335 1269 nominarat)
347 1193 469 1250 *banc
484 1191 569 1268 igitur
582 1190 735 1263 habemus,
750 1200 781 1248 ut
795 1190 868 1249 deos
882 1191 985 1250 beatos
999 1199 1029 1249 et
1043 1190 1209 1249 inmortales

130 1300 303 1376 gputemus.
354 1289 439 1364 Quae
467 1289 547 1346 enirn
574 1288 659 1346 nobis
686 1298 788 1345 natura
817 1287 1052 1346 informationem
1079 1288 1209 1363 ipsomm

159 1385 281 1445 deorum
303 1383 395 1457 dedit,
417 1383 523 1442 eadem
545 1383 696 1460 insculpsit
716 1385 746 1442 in
767 1383 923 1455 mentibus,
944 1393 976 1441 ut
1000 1401 1051 1442 eos
1076 1394 1209 1441 aeternos
1224 1406 1249 1466 ιφ

158 1491 187 1540 et
201 1482 303 1541 beatos
318 1482 501 1540 haberemus
545 1478 636 1555 Quod
657 1480 681 1538 si
702 1479 743 1538 ita
763 1489 819 1564 est,
830 1497 898 1538 vere
921 1481 1054 1555 exposita
1076 1480 1123 1538 illa
1144 1497 1210 1538 sen·

159 1580 249 1637 tentia
271 1587 316 1637 est
337 1578 375 1637 ab
398 1577 536 1653 Epicuro,
551 1575 634 1652 quod
655 1576 775 1634 beatum
797 1586 1007 1651 aeternumque
1031 1577 1076 1648 sit,
1098 1575 1130 1634 id
1153 1594 1210 1634 nec

159 1674 265 1733 habere
280 1675 376 1749 ipsum
390 1674 499 1748 negotii
510 1672 669 1747 quicquam
683 1691 740 1730 nec
752 1672 888 1730 exhibere
899 1673 989 1744 alteri,
1001 1673 1098 1749 itaque
1113 1689 1210 1748 neque

159 1771 201 1828 ira
213 1776 309 1844 neque
324 1769 415 1846 gratia
428 1768 530 1840 teneri,
544 1766 636 1844 quod,
651 1785 728 1842 quae
742 1768 810 1826 talia
826 1751 932 1840 essent,
947 1767 1092 1827 imbecilla
1112 1778 1211 1826 essent

159 1867 268 1926 onmia.
310 1867 339 1925 Si
352 1865 424 1925 nihil
440 1864 519 1923 aliud
533 1882 749 1939 quaereremus,
763 1865 819 1924 nisi
839 1874 870 1924 ut
885 1864 958 1924 deos
979 1865 1027 1942 pie
1048 1865 1211 1924 coleremus
1224 1889 1248 1930 ις

160 1973 189 2023 et
202 1974 235 2022 ut
248 1963 453 2039 superstitione
473 1961 670 2035 liberaremur,
685 1963 753 2021 satis
775 1971 835 2021 erat
849 1961 980 2037 dictum;
1002 1980 1071 2021 nam
1084 1973 1115 2022 et
1128 1980 1210 2039 prae-

160 2070 239 2120 stans
253 2061 377 2119 deorum
390 2070 493 2119 natura
510 2059 663 2118 hominum
676 2059 786 2134 pietate
801 2060 952 2133 coleretur,
968 2079 1036 2119 curn
1051 2073 1081 2120 et
1094 2071 1212 2119 aeterna

160 2166 237 2216 esset
251 2167 281 2216 et
298 2157 466 2216 beatissima
485 2156 587 2234 (habet
609 2157 687 2214 enim
702 2156 920 2214 venerationem
941 2157 1055 2228 iustam,
1070 2155 1211 2232 quicquid

160 2251 305 2329 excellit),
320 2262 349 2310 et
363 2262 459 2310 metus
479 2251 575 2309 omnis
596 2251 658 2309 avi
678 2261 764 2325 atque
788 2250 828 2308 ira
849 2250 972 2309 deorum
994 2252 1093 2326 pulsus
1115 2261 1191 2309 esset
1201 2271 1210 2324 3

160 2348 334 2424 intellegitur
347 2347 426 2404 enim
447 2365 466 2404 a
485 2346 572 2405 beata
586 2346 789 2421 inmortalique
803 2355 905 2404 natura
919 2356 949 2404 et
962 2348 1034 2405 iram
1048 2356 1078 2404 et
1091 2347 1211 2422 gratiam
1224 2370 1250 2398 ω

160 2443 321 2519 segregari,
350 2442 455 2524 quibus
479 2442 598 2500 remotis
619 2443 714 2500 null'os
735 2460 753 2500 a
777 2443 888 2517 superis
912 2441 1083 2518 impendere
1106 2452 1210 2500 metus.

160 2539 219 2598 Sed
233 2538 272 2596 ad
292 2527 616 2596 hano'confirmandam
630 2538 801 2612 opinionem
822 2539 948 2612 anquirit
969 2539 1082 2597 animus
1104 2548 1133 2596 et
1155 2538 1210 2596 for-

160 2654 240 2693 mam
255 2644 284 2692 et
297 2635 371 2692 vitae
387 2635 534 2692 actionem
548 2634 713 2709 mentisque
727 2633 915 2709 agitationem
929 2635 960 2692 in
975 2635 1060 2744 deo&

117 2707 153 2814 ¹43
199 2733 243 2789 Ac
259 2729 297 2789 de
311 2731 405 2789 forma
417 2729 539 2806 quidem
553 2731 658 2807 partim
672 2739 775 2789 natura
788 2749 843 2790 nos
857 2731 1007 2804 admonet,
1021 2733 1125 2808 partim
1139 2733 1212 2791 ratio

161 2827 258 2887 docet.
291 2828 369 2886 Nam
384 2846 401 2885 a
414 2836 517 2884 natura
531 2826 673 2885 habemus
684 2844 787 2902 omnes
798 2828 930 2886 omnium
941 2829 1071 2904 gentium
1082 2831 1212 2905 speciem
1225 2856 1250 2896 ος

160 2924 269 2982 nullam
284 2924 369 2981 aliam
390 2923 445 2981 nisi
465 2922 625 2980 humanam
639 2922 782 2995 deorum;
804 2940 879 2997 quae
894 2925 973 2982 enirn
987 2925 1080 2983 forma
1092 2926 1148 2983 alia
1161 2944 1211 2983 oc-

162 3010 250 3078 currit
270 3036 411 3093 umquam
432 3027 482 3076 aut
495 3017 622 3095 vigilanti
644 3018 780 3092 cuiquam
803 3029 853 3078 aut
874 3018 1052 3081 dormienti?
1091 3019 1150 3080 Sed
1173 3040 1212 3080 ne

161 3116 260 3175 omnia
287 3124 461 3174 revocentur
477 3113 522 3173 ad
550 3115 658 3191 primas
679 3115 833 3176 notiones:
863 3117 935 3175 ratio
960 3118 1018 3176 hoc
1046 3116 1125 3176 idem
1149 3118 1213 3194 ipsa
1300 3147 1302 3151 ·

122 3220 148 3263 47
162 3212 298 3271 declarat.
341 3212 419 3270 Nam
434 3230 503 3270 cum
523 3212 811 3286 praestantissumam
831 3223 973 3285 naturam,
987 3214 1033 3273 vel
1047 3215 1115 3288 quia
1127 3216 1213 3273 beata

162 3319 205 3366 est
215 3308 262 3366 vel
270 3308 339 3382 quia
352 3308 537 3382 sempiterna,
546 3309 702 3365 convenire
713 3307 846 3367 videatur
859 3309 986 3373 eandem
1000 3327 1063 3366 esse
1077 3310 1211 3385 pulcher·
1225 3300 1261 3373 so¹

160 3405 273 3475 rimam,
289 3421 364 3478 quae
389 3404 564 3478 compositio
589 3404 796 3476 membrorum,
819 3422 894 3479 quae
916 3405 1108 3463 conformatio
1131 3406 1211 3464 linia-

160 3509 337 3571 mentorum,
363 3516 438 3573 quae
474 3500 574 3574 figura,
599 3517 674 3574 quae
709 3499 823 3576 species
858 3500 986 3558 humana
1015 3510 1113 3578 potest
1148 3520 1212 3560 esse

160 3596 328 3671 pulchrior?
367 3595 429 3653 Vos
444 3594 573 3669 quidem,
589 3595 690 3667 Lucili,
705 3597 803 3655 soletis
823 3582 906 3674 (narn
921 3597 1010 3656 Cotta
1023 3616 1106 3656 meus
1120 3597 1212 3656 modo

161 3690 228 3763 hoc,
243 3690 334 3749 modo
348 3690 450 3765 illud),
466 3709 534 3747 cum
548 3691 701 3748 artificium
716 3692 850 3765 effingitis
865 3692 1061 3766 fabricamque
1073 3691 1211 3763 divinam,

160 3803 249 3860 quarn
263 3787 320 3844 sint
335 3786 434 3843 omniu
448 3785 478 3842 in
493 3785 618 3843 hominis
635 3787 726 3861 figura
745 3804 806 3846 non
827 3787 918 3845 modo
941 3786 980 3845 ad
1002 3806 1097 3856 usum,
1111 3806 1211 3846 verum
1224 3810 1262 3849 rs·
