<?xml version="1.0" encoding="UTF-8"?>
<!DOCTYPE html PUBLIC "-//W3C//DTD XHTML 1.0 Transitional//EN"
    "http://www.w3.org/TR/xhtml1/DTD/xhtml1-transitional.dtd">
<html xmlns="http://www.w3.org/1999/xhtml" xml:lang="en" lang="en">
 <head>
  <title>
</title>
<meta http-equiv="Content-Type" content="text/html;charset=utf-8" />
  <meta name='ocr-system' content='tesseract 3.04.00' />
  <meta name='ocr-capabilities' content='ocr_page ocr_carea ocr_par ocr_line ocrx_word'/>
</head>
<body>
  <div class='ocr_page' id='page_1' title='image "./mtulliiciceroni02schgoog/mtulliiciceroni02schgoog_0061.png"; bbox 0 0 2932 4364; ppageno 0'>
   <div class='ocr_carea' id='block_1_1' title="bbox 106 368 889 451">
    <p class='ocr_par' dir='ltr' id='par_1_1' title="bbox 106 368 889 451">
     <span class='ocr_line' id='line_1_1' title="bbox 106 368 889 451; baseline 0.005 -16"><span class='ocrx_word' id='word_1_1' title='bbox 106 368 108 372; x_wconf 66' lang='grc'><strong>“</strong></span> <span class='ocrx_word' id='word_1_2' title='bbox 161 373 204 451; x_wconf 87' lang='lat'><strong>48</strong></span> <span class='ocrx_word' id='word_1_3' title='bbox 312 425 313 429; x_wconf 63' lang='lat'><strong>,</strong></span> <span class='ocrx_word' id='word_1_4' title='bbox 491 388 540 438; x_wconf 81' lang='lat' dir='ltr'><strong>ou</strong></span> <span class='ocrx_word' id='word_1_5' title='bbox 562 389 707 439; x_wconf 71' lang='lat' dir='ltr'><strong>unwan</strong></span> <span class='ocrx_word' id='word_1_6' title='bbox 730 388 889 439; x_wconf 74' lang='lat' dir='ltr'><strong>osonum</strong></span> 
     </span>
    </p>
   </div>
   <div class='ocr_carea' id='block_1_2' title="bbox 68 538 1292 3885">
    <p class='ocr_par' dir='ltr' id='par_1_2' title="bbox 68 538 1246 999">
     <span class='ocr_line' id='line_1_2' title="bbox 68 538 1213 617; baseline 0.003 -20"><span class='ocrx_word' id='word_1_7' title='bbox 68 603 71 609; x_wconf 56' lang='grc'><em>,</em></span> <span class='ocrx_word' id='word_1_8' title='bbox 163 538 252 598; x_wconf 94' lang='lat' dir='ltr'><strong>misso</strong></span> <span class='ocrx_word' id='word_1_9' title='bbox 265 538 372 598; x_wconf 89' lang='lat' dir='ltr'><strong>versari</strong></span> <span class='ocrx_word' id='word_1_10' title='bbox 385 539 496 598; x_wconf 91' lang='lat' dir='ltr'><strong>circum</strong></span> <span class='ocrx_word' id='word_1_11' title='bbox 510 558 596 599; x_wconf 87' lang='lat' dir='ltr'>axem</span> <span class='ocrx_word' id='word_1_12' title='bbox 616 540 691 598; x_wconf 91' lang='lat' dir='ltr'><strong>caeli</strong></span> <span class='ocrx_word' id='word_1_13' title='bbox 711 539 871 600; x_wconf 80' lang='lat' dir='ltr'><strong>admirabili</strong></span> <span class='ocrx_word' id='word_1_14' title='bbox 894 539 1062 600; x_wconf 81' lang='lat' dir='ltr'><strong>celeritate?</strong></span> <span class='ocrx_word' id='word_1_15' title='bbox 1081 541 1135 600; x_wconf 90' lang='lat' dir='ltr'><strong>nisi</strong></span> <span class='ocrx_word' id='word_1_16' title='bbox 1150 542 1213 617; x_wconf 91' lang='lat' dir='ltr'><strong>qui-</strong></span> 
     </span>
     <span class='ocr_line' id='line_1_3' title="bbox 163 636 1246 712; baseline 0.004 -19"><span class='ocrx_word' id='word_1_17' title='bbox 163 645 244 694; x_wconf 91' lang='lat' dir='ltr'><strong>etum</strong></span> <span class='ocrx_word' id='word_1_18' title='bbox 271 645 371 695; x_wconf 92' lang='lat' dir='ltr'><strong>autem</strong></span> <span class='ocrx_word' id='word_1_19' title='bbox 397 637 469 695; x_wconf 90' lang='lat' dir='ltr'><strong>nihil</strong></span> <span class='ocrx_word' id='word_1_20' title='bbox 502 637 621 696; x_wconf 90' lang='lat' dir='ltr'><strong>beatum</strong></span> <span class='ocrx_word' id='word_1_21' title='bbox 654 646 717 711; x_wconf 88' lang='lat' dir='ltr'><strong>est;</strong></span> <span class='ocrx_word' id='word_1_22' title='bbox 753 637 812 695; x_wconf 89' lang='lat' dir='ltr'><strong>sive</strong></span> <span class='ocrx_word' id='word_1_23' title='bbox 845 636 875 694; x_wconf 94' lang='lat' dir='ltr'><strong>in</strong></span> <span class='ocrx_word' id='word_1_24' title='bbox 907 636 973 712; x_wconf 91' lang='lat' dir='ltr'><strong>ipso</strong></span> <span class='ocrx_word' id='word_1_25' title='bbox 1000 636 1113 696; x_wconf 91' lang='lat' dir='ltr'><strong>mundo</strong></span> <span class='ocrx_word' id='word_1_26' title='bbox 1141 638 1214 698; x_wconf 90' lang='lat' dir='ltr'><strong>deus</strong></span> <span class='ocrx_word' id='word_1_27' title='bbox 1244 678 1246 682; x_wconf 91' lang='lat'><em>-</em></span> 
     </span>
     <span class='ocr_line' id='line_1_4' title="bbox 163 731 1214 807; baseline 0.004 -19"><span class='ocrx_word' id='word_1_28' title='bbox 163 731 240 789; x_wconf 88' lang='lat' dir='ltr'><strong>inest</strong></span> <span class='ocrx_word' id='word_1_29' title='bbox 265 731 377 806; x_wconf 90' lang='lat' dir='ltr'><strong>aliquis,</strong></span> <span class='ocrx_word' id='word_1_30' title='bbox 402 733 454 807; x_wconf 92' lang='lat' dir='ltr'><strong>qui</strong></span> <span class='ocrx_word' id='word_1_31' title='bbox 481 742 571 807; x_wconf 87' lang='lat' dir='ltr'><strong>regat,</strong></span> <span class='ocrx_word' id='word_1_32' title='bbox 596 732 647 806; x_wconf 92' lang='lat' dir='ltr'><strong>qui</strong></span> <span class='ocrx_word' id='word_1_33' title='bbox 674 731 824 806; x_wconf 90' lang='lat' dir='ltr'><strong>gubernet,</strong></span> <span class='ocrx_word' id='word_1_34' title='bbox 853 732 903 807; x_wconf 92' lang='lat' dir='ltr'><strong>qui</strong></span> <span class='ocrx_word' id='word_1_35' title='bbox 933 750 1034 791; x_wconf 91' lang='lat' dir='ltr'><strong>cursus</strong></span> <span class='ocrx_word' id='word_1_36' title='bbox 1063 743 1214 806; x_wconf 85' lang='lat' dir='ltr'><strong>astrorum,</strong></span> 
     </span>
     <span class='ocr_line' id='line_1_5' title="bbox 164 825 1241 903; baseline 0.002 -18"><span class='ocrx_word' id='word_1_37' title='bbox 164 826 340 885; x_wconf 90' lang='lat' dir='ltr'><strong>mutationes</strong></span> <span class='ocrx_word' id='word_1_38' title='bbox 361 835 537 902; x_wconf 92' lang='lat' dir='ltr'><strong>temporum,</strong></span> <span class='ocrx_word' id='word_1_39' title='bbox 557 845 654 885; x_wconf 92' lang='lat' dir='ltr'><strong>rerum</strong></span> <span class='ocrx_word' id='word_1_40' title='bbox 667 825 880 885; x_wconf 85' lang='lat' dir='ltr'><strong>vicissitudines</strong></span> <span class='ocrx_word' id='word_1_41' title='bbox 900 827 1075 903; x_wconf 87' lang='lat' dir='ltr'><strong>ordinesque</strong></span> <span class='ocrx_word' id='word_1_42' title='bbox 1097 847 1213 887; x_wconf 89' lang='lat' dir='ltr'><strong>conser·</strong></span> <span class='ocrx_word' id='word_1_43' title='bbox 1238 886 1241 893; x_wconf 41' lang='lat'><strong>,</strong></span> 
     </span>
     <span class='ocr_line' id='line_1_6' title="bbox 162 921 1246 999; baseline 0.005 -19"><span class='ocrx_word' id='word_1_44' title='bbox 162 931 222 995; x_wconf 94' lang='lat' dir='ltr'><strong>vet,</strong></span> <span class='ocrx_word' id='word_1_45' title='bbox 236 931 325 981; x_wconf 90' lang='lat' dir='ltr'><strong>terras</strong></span> <span class='ocrx_word' id='word_1_46' title='bbox 347 931 377 980; x_wconf 90' lang='lat' dir='ltr'><strong>et</strong></span> <span class='ocrx_word' id='word_1_47' title='bbox 396 921 487 979; x_wconf 90' lang='lat' dir='ltr'><strong>maria</strong></span> <span class='ocrx_word' id='word_1_48' title='bbox 509 923 710 998; x_wconf 86' lang='lat' dir='ltr'><strong>contemplans</strong></span> <span class='ocrx_word' id='word_1_49' title='bbox 732 921 885 980; x_wconf 90' lang='lat' dir='ltr'><strong>hominum</strong></span> <span class='ocrx_word' id='word_1_50' title='bbox 907 923 1066 982; x_wconf 91' lang='lat' dir='ltr'><strong>commoda</strong></span> <span class='ocrx_word' id='word_1_51' title='bbox 1083 924 1214 999; x_wconf 90' lang='lat' dir='ltr'><strong>vitasque</strong></span> <span class='ocrx_word' id='word_1_52' title='bbox 1235 948 1246 986; x_wconf 82' lang='lat' dir='ltr'><strong>s</strong></span> 
     </span>
    </p>

    <p class='ocr_par' dir='ltr' id='par_1_3' title="bbox 116 1018 1256 3116">
     <span class='ocr_line' id='line_1_7' title="bbox 126 1018 1215 1097; baseline 0.005 -22"><span class='ocrx_word' id='word_1_53' title='bbox 126 1032 152 1075; x_wconf 81' lang='lat' dir='ltr'><strong>ss</strong></span> <span class='ocrx_word' id='word_1_54' title='bbox 165 1027 288 1091; x_wconf 90' lang='lat' dir='ltr'><strong>tueatur,</strong></span> <span class='ocrx_word' id='word_1_55' title='bbox 302 1036 341 1097; x_wconf 74' lang='lat' dir='ltr'><strong>qe</strong></span> <span class='ocrx_word' id='word_1_56' title='bbox 354 1019 400 1078; x_wconf 92' lang='lat' dir='ltr'><strong>ille</strong></span> <span class='ocrx_word' id='word_1_57' title='bbox 415 1028 459 1077; x_wconf 92' lang='lat' dir='ltr'><strong>est</strong></span> <span class='ocrx_word' id='word_1_58' title='bbox 473 1018 637 1094; x_wconf 90' lang='lat' dir='ltr'><strong>implicatus</strong></span> <span class='ocrx_word' id='word_1_59' title='bbox 651 1018 780 1077; x_wconf 90' lang='lat' dir='ltr'><strong>molestis</strong></span> <span class='ocrx_word' id='word_1_60' title='bbox 794 1019 918 1095; x_wconf 90' lang='lat' dir='ltr'><strong>negotiis</strong></span> <span class='ocrx_word' id='word_1_61' title='bbox 929 1028 959 1078; x_wconf 91' lang='lat' dir='ltr'><strong>et</strong></span> <span class='ocrx_word' id='word_1_62' title='bbox 969 1019 1119 1095; x_wconf 86' lang='lat' dir='ltr'><strong>operosis!</strong></span> <span class='ocrx_word' id='word_1_63' title='bbox 1151 1021 1215 1080; x_wconf 92' lang='lat' dir='ltr'><strong>Nos</strong></span> 
     </span>
     <span class='ocr_line' id='line_1_8' title="bbox 165 1113 1215 1177; baseline 0.002 -4"><span class='ocrx_word' id='word_1_64' title='bbox 165 1113 264 1174; x_wconf 79' lang='lat' dir='ltr'><strong>a&#39;utem</strong></span> <span class='ocrx_word' id='word_1_65' title='bbox 277 1116 394 1174; x_wconf 85' lang='lat' dir='ltr'><strong>beatam</strong></span> <span class='ocrx_word' id='word_1_66' title='bbox 407 1115 496 1174; x_wconf 87' lang='lat' dir='ltr'><strong>vitam</strong></span> <span class='ocrx_word' id='word_1_67' title='bbox 516 1114 546 1173; x_wconf 92' lang='lat' dir='ltr'><strong>in</strong></span> <span class='ocrx_word' id='word_1_68' title='bbox 560 1114 650 1172; x_wconf 89' lang='lat' dir='ltr'><strong>animi</strong></span> <span class='ocrx_word' id='word_1_69' title='bbox 663 1115 816 1173; x_wconf 88' lang='lat' dir='ltr'><strong>securitate</strong></span> <span class='ocrx_word' id='word_1_70' title='bbox 831 1124 861 1174; x_wconf 93' lang='lat' dir='ltr'><strong>et</strong></span> <span class='ocrx_word' id='word_1_71' title='bbox 874 1115 905 1173; x_wconf 91' lang='lat' dir='ltr'><strong>in</strong></span> <span class='ocrx_word' id='word_1_72' title='bbox 918 1115 1049 1174; x_wconf 91' lang='lat' dir='ltr'><strong>omnium</strong></span> <span class='ocrx_word' id='word_1_73' title='bbox 1063 1117 1215 1177; x_wconf 89' lang='lat' dir='ltr'><strong>vacatione</strong></span> 
     </span>
     <span class='ocr_line' id='line_1_9' title="bbox 165 1210 1215 1287; baseline 0.001 -17"><span class='ocrx_word' id='word_1_74' title='bbox 165 1229 320 1270; x_wconf 89' lang='lat' dir='ltr'><strong>munerum</strong></span> <span class='ocrx_word' id='word_1_75' title='bbox 333 1212 479 1287; x_wconf 91' lang='lat' dir='ltr'><strong>ponimus.</strong></span> <span class='ocrx_word' id='word_1_76' title='bbox 521 1211 633 1270; x_wconf 87' lang='lat' dir='ltr'><strong>Docuit</strong></span> <span class='ocrx_word' id='word_1_77' title='bbox 646 1210 726 1269; x_wconf 91' lang='lat' dir='ltr'><strong>enim</strong></span> <span class='ocrx_word' id='word_1_78' title='bbox 742 1229 797 1269; x_wconf 88' lang='lat' dir='ltr'><strong>nos</strong></span> <span class='ocrx_word' id='word_1_79' title='bbox 817 1210 907 1284; x_wconf 91' lang='lat' dir='ltr'><strong>idem,</strong></span> <span class='ocrx_word' id='word_1_80' title='bbox 922 1212 973 1287; x_wconf 93' lang='lat' dir='ltr'><strong>qui</strong></span> <span class='ocrx_word' id='word_1_81' title='bbox 992 1221 1099 1286; x_wconf 89' lang='lat' dir='ltr'><strong>cetera,</strong></span> <span class='ocrx_word' id='word_1_82' title='bbox 1113 1222 1215 1271; x_wconf 90' lang='lat' dir='ltr'><strong>natura</strong></span> 
     </span>
     <span class='ocr_line' id='line_1_10' title="bbox 165 1306 1215 1385; baseline 0.002 -19"><span class='ocrx_word' id='word_1_83' title='bbox 165 1309 303 1367; x_wconf 87' lang='lat' dir='ltr'><strong>effectum</strong></span> <span class='ocrx_word' id='word_1_84' title='bbox 324 1325 388 1366; x_wconf 91' lang='lat' dir='ltr'><strong>esse</strong></span> <span class='ocrx_word' id='word_1_85' title='bbox 408 1306 561 1380; x_wconf 88' lang='lat' dir='ltr'><strong>mundum,</strong></span> <span class='ocrx_word' id='word_1_86' title='bbox 576 1307 647 1366; x_wconf 89' lang='lat' dir='ltr'><strong>nihil</strong></span> <span class='ocrx_word' id='word_1_87' title='bbox 667 1324 743 1383; x_wconf 91' lang='lat' dir='ltr'><strong>opus</strong></span> <span class='ocrx_word' id='word_1_88' title='bbox 765 1306 852 1366; x_wconf 91' lang='lat' dir='ltr'><strong>fuisse</strong></span> <span class='ocrx_word' id='word_1_89' title='bbox 875 1307 992 1381; x_wconf 86' lang='lat' dir='ltr'><strong>fabrica,</strong></span> <span class='ocrx_word' id='word_1_90' title='bbox 1007 1318 1126 1385; x_wconf 90' lang='lat' dir='ltr'><strong>tamque</strong></span> <span class='ocrx_word' id='word_1_91' title='bbox 1149 1326 1215 1368; x_wconf 90' lang='lat' dir='ltr'><strong>eam</strong></span> 
     </span>
     <span class='ocr_line' id='line_1_11' title="bbox 165 1403 1254 1482; baseline 0.002 -18"><span class='ocrx_word' id='word_1_92' title='bbox 165 1422 228 1464; x_wconf 89' lang='lat' dir='ltr'><strong>rem</strong></span> <span class='ocrx_word' id='word_1_93' title='bbox 242 1422 306 1464; x_wconf 91' lang='lat' dir='ltr'><strong>esse</strong></span> <span class='ocrx_word' id='word_1_94' title='bbox 321 1404 444 1477; x_wconf 82' lang='lat' dir='ltr'><strong>facilem,</strong></span> <span class='ocrx_word' id='word_1_95' title='bbox 459 1423 548 1480; x_wconf 92' lang='lat' dir='ltr'><strong>quam</strong></span> <span class='ocrx_word' id='word_1_96' title='bbox 561 1422 614 1464; x_wconf 89' lang='lat' dir='ltr'><strong>vos</strong></span> <span class='ocrx_word' id='word_1_97' title='bbox 628 1403 706 1463; x_wconf 88' lang='lat' dir='ltr'><strong>effici</strong></span> <span class='ocrx_word' id='word_1_98' title='bbox 726 1404 838 1479; x_wconf 90' lang='lat' dir='ltr'><strong>negatis</strong></span> <span class='ocrx_word' id='word_1_99' title='bbox 858 1405 920 1463; x_wconf 91' lang='lat' dir='ltr'><strong>sine</strong></span> <span class='ocrx_word' id='word_1_100' title='bbox 934 1404 1032 1464; x_wconf 89' lang='lat' dir='ltr'><strong>divina</strong></span> <span class='ocrx_word' id='word_1_101' title='bbox 1051 1423 1138 1482; x_wconf 88' lang='lat' dir='ltr'><strong>posse</strong></span> <span class='ocrx_word' id='word_1_102' title='bbox 1159 1407 1214 1465; x_wconf 94' lang='lat' dir='ltr'><strong>sol·</strong></span> <span class='ocrx_word' id='word_1_103' title='bbox 1230 1439 1254 1467; x_wconf 68' lang='grc' dir='ltr'><strong>ιο</strong></span> 
     </span>
     <span class='ocr_line' id='line_1_12' title="bbox 116 1499 1215 1584; baseline 0 -23"><span class='ocrx_word' id='word_1_104' title='bbox 116 1570 119 1574; x_wconf 40' lang='grc'><em>,</em></span> <span class='ocrx_word' id='word_1_105' title='bbox 165 1502 255 1584; x_wconf 89' lang='lat' dir='ltr'><strong>lertia,</strong></span> <span class='ocrx_word' id='word_1_106' title='bbox 279 1511 312 1560; x_wconf 93' lang='lat' dir='ltr'><strong>ut</strong></span> <span class='ocrx_word' id='word_1_107' title='bbox 338 1502 555 1561; x_wconf 89' lang='lat' dir='ltr'><strong>innumerabilis</strong></span> <span class='ocrx_word' id='word_1_108' title='bbox 582 1509 685 1560; x_wconf 88' lang='lat' dir='ltr'><strong>natura</strong></span> <span class='ocrx_word' id='word_1_109' title='bbox 711 1499 840 1581; x_wconf 88' lang='lat' dir='ltr'><strong>mundos</strong></span> <span class='ocrx_word' id='word_1_110' title='bbox 868 1501 1007 1560; x_wconf 82' lang='lat' dir='ltr'><strong>effectura</strong></span> <span class='ocrx_word' id='word_1_111' title='bbox 1033 1503 1078 1574; x_wconf 88' lang='lat' dir='ltr'><strong>sit,</strong></span> <span class='ocrx_word' id='word_1_112' title='bbox 1100 1503 1215 1576; x_wconf 88' lang='lat' dir='ltr'><strong>efficiat,</strong></span> 
     </span>
     <span class='ocr_line' id='line_1_13' title="bbox 166 1595 1216 1672; baseline 0.001 -15"><span class='ocrx_word' id='word_1_113' title='bbox 166 1598 304 1658; x_wconf 86' lang='lat' dir='ltr'><strong>effecerit.</strong></span> <span class='ocrx_word' id='word_1_114' title='bbox 353 1597 445 1672; x_wconf 91' lang='lat' dir='ltr'><strong>Quod</strong></span> <span class='ocrx_word' id='word_1_115' title='bbox 469 1599 538 1672; x_wconf 92' lang='lat' dir='ltr'><strong>quia</strong></span> <span class='ocrx_word' id='word_1_116' title='bbox 561 1615 651 1672; x_wconf 91' lang='lat' dir='ltr'><strong>quem</strong></span> <span class='ocrx_word' id='word_1_117' title='bbox 674 1597 712 1655; x_wconf 91' lang='lat' dir='ltr'><strong>ad</strong></span> <span class='ocrx_word' id='word_1_118' title='bbox 737 1595 860 1654; x_wconf 92' lang='lat' dir='ltr'><strong>modum</strong></span> <span class='ocrx_word' id='word_1_119' title='bbox 883 1606 986 1655; x_wconf 89' lang='lat' dir='ltr'><strong>natura</strong></span> <span class='ocrx_word' id='word_1_120' title='bbox 1009 1598 1126 1657; x_wconf 87' lang='lat' dir='ltr'><strong>efficere</strong></span> <span class='ocrx_word' id='word_1_121' title='bbox 1153 1600 1216 1658; x_wconf 91' lang='lat' dir='ltr'><strong>sine</strong></span> 
     </span>
     <span class='ocr_line' id='line_1_14' title="bbox 166 1690 1216 1768; baseline 0.001 -17"><span class='ocrx_word' id='word_1_122' title='bbox 166 1693 263 1768; x_wconf 87' lang='lat' dir='ltr'><strong>aliqua</strong></span> <span class='ocrx_word' id='word_1_123' title='bbox 276 1703 374 1752; x_wconf 88' lang='lat' dir='ltr'><strong>mente</strong></span> <span class='ocrx_word' id='word_1_124' title='bbox 388 1693 480 1767; x_wconf 91' lang='lat' dir='ltr'><strong>possit</strong></span> <span class='ocrx_word' id='word_1_125' title='bbox 493 1710 554 1750; x_wconf 91' lang='lat' dir='ltr'><strong>non</strong></span> <span class='ocrx_word' id='word_1_126' title='bbox 567 1690 681 1763; x_wconf 90' lang='lat' dir='ltr'><strong>videtis,</strong></span> <span class='ocrx_word' id='word_1_127' title='bbox 696 1700 728 1749; x_wconf 93' lang='lat' dir='ltr'><strong>ut</strong></span> <span class='ocrx_word' id='word_1_128' title='bbox 742 1692 842 1766; x_wconf 83' lang='lat' dir='ltr'><strong>tragici</strong></span> <span class='ocrx_word' id='word_1_129' title='bbox 857 1691 972 1767; x_wconf 68' lang='lat' dir='ltr'><strong>podtae,</strong></span> <span class='ocrx_word' id='word_1_130' title='bbox 988 1709 1056 1750; x_wconf 93' lang='lat' dir='ltr'><strong>cum</strong></span> <span class='ocrx_word' id='word_1_131' title='bbox 1071 1694 1216 1768; x_wconf 90' lang='lat' dir='ltr'><strong>explicare</strong></span> 
     </span>
     <span class='ocr_line' id='line_1_15' title="bbox 128 1785 1215 1866; baseline 0 -19"><span class='ocrx_word' id='word_1_132' title='bbox 128 1806 154 1848; x_wconf 76' lang='lat' dir='ltr'><strong>tt</strong></span> <span class='ocrx_word' id='word_1_133' title='bbox 166 1789 327 1863; x_wconf 90' lang='lat' dir='ltr'><strong>argumenti</strong></span> <span class='ocrx_word' id='word_1_134' title='bbox 341 1788 451 1846; x_wconf 91' lang='lat' dir='ltr'><strong>exitum</strong></span> <span class='ocrx_word' id='word_1_135' title='bbox 464 1805 526 1846; x_wconf 91' lang='lat' dir='ltr'><strong>non</strong></span> <span class='ocrx_word' id='word_1_136' title='bbox 541 1787 672 1863; x_wconf 90' lang='lat' dir='ltr'><strong>potestis,</strong></span> <span class='ocrx_word' id='word_1_137' title='bbox 687 1787 842 1863; x_wconf 85' lang='lat' dir='ltr'><strong>confugitis</strong></span> <span class='ocrx_word' id='word_1_138' title='bbox 856 1785 895 1845; x_wconf 90' lang='lat' dir='ltr'><strong>ad</strong></span> <span class='ocrx_word' id='word_1_139' title='bbox 909 1786 1019 1860; x_wconf 81' lang='lat' dir='ltr'><strong>deum3</strong></span> <span class='ocrx_word' id='word_1_140' title='bbox 1040 1789 1123 1847; x_wconf 91' lang='lat' dir='ltr'><strong>cuius</strong></span> <span class='ocrx_word' id='word_1_141' title='bbox 1144 1807 1215 1866; x_wconf 91' lang='lat' dir='ltr'><strong>ope·</strong></span> 
     </span>
     <span class='ocr_line' id='line_1_16' title="bbox 165 1867 1254 1960; baseline 0.005 -18"><span class='ocrx_word' id='word_1_142' title='bbox 165 1903 227 1942; x_wconf 91' lang='lat' dir='ltr'><strong>ram</strong></span> <span class='ocrx_word' id='word_1_143' title='bbox 240 1884 373 1960; x_wconf 90' lang='lat' dir='ltr'><strong>profecto</strong></span> <span class='ocrx_word' id='word_1_144' title='bbox 393 1901 454 1942; x_wconf 92' lang='lat' dir='ltr'><strong>non</strong></span> <span class='ocrx_word' id='word_1_145' title='bbox 468 1882 679 1954; x_wconf 88' lang='lat' dir='ltr'><strong>desideraretis,</strong></span> <span class='ocrx_word' id='word_1_146' title='bbox 693 1884 718 1941; x_wconf 92' lang='lat' dir='ltr'><strong>si</strong></span> <span class='ocrx_word' id='word_1_147' title='bbox 738 1884 901 1941; x_wconf 92' lang='lat' dir='ltr'><strong>inmensam</strong></span> <span class='ocrx_word' id='word_1_148' title='bbox 916 1892 945 1940; x_wconf 92' lang='lat' dir='ltr'><strong>et</strong></span> <span class='ocrx_word' id='word_1_149' title='bbox 959 1867 1173 1942; x_wconf 77' lang='lat' dir='ltr'><strong>interminatam</strong></span> <span class='ocrx_word' id='word_1_150' title='bbox 1186 1885 1216 1943; x_wconf 91' lang='lat' dir='ltr'><strong>in</strong></span> <span class='ocrx_word' id='word_1_151' title='bbox 1230 1919 1254 1959; x_wconf 69' lang='grc' dir='ltr'><strong>ι,</strong></span> 
     </span>
     <span class='ocr_line' id='line_1_17' title="bbox 166 1978 1216 2056; baseline 0 -17"><span class='ocrx_word' id='word_1_152' title='bbox 166 1981 262 2040; x_wconf 91' lang='lat' dir='ltr'><strong>omnis</strong></span> <span class='ocrx_word' id='word_1_153' title='bbox 281 1980 370 2056; x_wconf 87' lang='lat' dir='ltr'><strong>partis</strong></span> <span class='ocrx_word' id='word_1_154' title='bbox 391 1978 623 2055; x_wconf 84' lang='lat' dir='ltr'><strong>magnitudinem</strong></span> <span class='ocrx_word' id='word_1_155' title='bbox 643 1979 796 2054; x_wconf 91' lang='lat' dir='ltr'><strong>regionum</strong></span> <span class='ocrx_word' id='word_1_156' title='bbox 809 1978 954 2050; x_wconf 90' lang='lat' dir='ltr'><strong>videretis,</strong></span> <span class='ocrx_word' id='word_1_157' title='bbox 969 1978 1000 2037; x_wconf 91' lang='lat' dir='ltr'><strong>in</strong></span> <span class='ocrx_word' id='word_1_158' title='bbox 1013 1997 1103 2055; x_wconf 89' lang='lat' dir='ltr'><strong>quam</strong></span> <span class='ocrx_word' id='word_1_159' title='bbox 1117 1999 1149 2039; x_wconf 93' lang='lat' dir='ltr'><strong>se</strong></span> <span class='ocrx_word' id='word_1_160' title='bbox 1163 1981 1216 2039; x_wconf 92' lang='lat' dir='ltr'><strong>ini·</strong></span> 
     </span>
     <span class='ocr_line' id='line_1_18' title="bbox 167 2075 1216 2153; baseline 0 -18"><span class='ocrx_word' id='word_1_161' title='bbox 167 2077 247 2136; x_wconf 89' lang='lat' dir='ltr'><strong>ciens</strong></span> <span class='ocrx_word' id='word_1_162' title='bbox 262 2077 375 2136; x_wconf 91' lang='lat' dir='ltr'><strong>animus</strong></span> <span class='ocrx_word' id='word_1_163' title='bbox 389 2085 420 2135; x_wconf 94' lang='lat' dir='ltr'><strong>et</strong></span> <span class='ocrx_word' id='word_1_164' title='bbox 428 2075 589 2135; x_wconf 91' lang='lat' dir='ltr'><strong>intendens</strong></span> <span class='ocrx_word' id='word_1_165' title='bbox 603 2076 643 2135; x_wconf 88' lang='lat' dir='ltr'><strong>ita</strong></span> <span class='ocrx_word' id='word_1_166' title='bbox 656 2076 713 2135; x_wconf 86' lang='lat' dir='ltr'><strong>late</strong></span> <span class='ocrx_word' id='word_1_167' title='bbox 727 2076 873 2153; x_wconf 89' lang='lat' dir='ltr'><strong>longeque</strong></span> <span class='ocrx_word' id='word_1_168' title='bbox 887 2076 1093 2153; x_wconf 84' lang='lat' dir='ltr'><strong>peregrinatur,</strong></span> <span class='ocrx_word' id='word_1_169' title='bbox 1108 2087 1141 2137; x_wconf 94' lang='lat' dir='ltr'><strong>ut</strong></span> <span class='ocrx_word' id='word_1_170' title='bbox 1153 2077 1216 2136; x_wconf 89' lang='lat' dir='ltr'><strong>uul-</strong></span> 
     </span>
     <span class='ocr_line' id='line_1_19' title="bbox 166 2161 1249 2250; baseline -0.001 -16"><span class='ocrx_word' id='word_1_171' title='bbox 166 2174 224 2234; x_wconf 90' lang='lat' dir='ltr'><strong>lam</strong></span> <span class='ocrx_word' id='word_1_172' title='bbox 238 2161 336 2234; x_wconf 90' lang='lat' dir='ltr'><strong>tamen</strong></span> <span class='ocrx_word' id='word_1_173' title='bbox 355 2193 436 2234; x_wconf 89' lang='lat' dir='ltr'><strong>oram</strong></span> <span class='ocrx_word' id='word_1_174' title='bbox 456 2173 550 2232; x_wconf 90' lang='lat' dir='ltr'><strong>ultimi</strong></span> <span class='ocrx_word' id='word_1_175' title='bbox 562 2172 670 2247; x_wconf 87' lang='lat' dir='ltr'><strong>videat,</strong></span> <span class='ocrx_word' id='word_1_176' title='bbox 685 2174 715 2232; x_wconf 93' lang='lat' dir='ltr'><strong>in</strong></span> <span class='ocrx_word' id='word_1_177' title='bbox 729 2192 788 2250; x_wconf 91' lang='lat' dir='ltr'><strong>qua</strong></span> <span class='ocrx_word' id='word_1_178' title='bbox 807 2175 899 2250; x_wconf 89' lang='lat' dir='ltr'><strong>possit</strong></span> <span class='ocrx_word' id='word_1_179' title='bbox 920 2173 1060 2234; x_wconf 86' lang='lat' dir='ltr'><strong>insistere.</strong></span> <span class='ocrx_word' id='word_1_180' title='bbox 1103 2175 1139 2234; x_wconf 94' lang='lat' dir='ltr'><strong>In</strong></span> <span class='ocrx_word' id='word_1_181' title='bbox 1160 2174 1216 2233; x_wconf 90' lang='lat' dir='ltr'><strong>hac</strong></span> <span class='ocrx_word' id='word_1_182' title='bbox 1245 2195 1249 2205; x_wconf 70' lang='grc'><em>’</em></span> 
     </span>
     <span class='ocr_line' id='line_1_20' title="bbox 166 2269 1218 2347; baseline 0.001 -18"><span class='ocrx_word' id='word_1_183' title='bbox 166 2271 251 2347; x_wconf 88' lang='lat' dir='ltr'><strong>igitur</strong></span> <span class='ocrx_word' id='word_1_184' title='bbox 264 2271 449 2330; x_wconf 86' lang='lat' dir='ltr'><strong>inmensitate</strong></span> <span class='ocrx_word' id='word_1_185' title='bbox 463 2269 659 2343; x_wconf 91' lang='lat' dir='ltr'><strong>latitudinum,</strong></span> <span class='ocrx_word' id='word_1_186' title='bbox 670 2269 895 2346; x_wconf 90' lang='lat' dir='ltr'><strong>longitudinum,</strong></span> <span class='ocrx_word' id='word_1_187' title='bbox 907 2270 1092 2329; x_wconf 87' lang='lat' dir='ltr'><strong>altitudinum</strong></span> <span class='ocrx_word' id='word_1_188' title='bbox 1106 2270 1218 2330; x_wconf 89' lang='lat' dir='ltr'><strong>infinita</strong></span> 
     </span>
     <span class='ocr_line' id='line_1_21' title="bbox 165 2366 1255 2442; baseline 0.002 -15"><span class='ocrx_word' id='word_1_189' title='bbox 165 2368 209 2427; x_wconf 89' lang='lat' dir='ltr'><strong>vis</strong></span> <span class='ocrx_word' id='word_1_190' title='bbox 223 2367 474 2426; x_wconf 87' lang='lat' dir='ltr'><strong>innumerabilium</strong></span> <span class='ocrx_word' id='word_1_191' title='bbox 488 2366 588 2424; x_wconf 88' lang='lat' dir='ltr'><strong>volitat</strong></span> <span class='ocrx_word' id='word_1_192' title='bbox 604 2375 778 2438; x_wconf 90' lang='lat' dir='ltr'><strong>atomorum,</strong></span> <span class='ocrx_word' id='word_1_193' title='bbox 794 2384 870 2442; x_wconf 91' lang='lat' dir='ltr'><strong>quae</strong></span> <span class='ocrx_word' id='word_1_194' title='bbox 890 2367 1044 2427; x_wconf 88' lang='lat' dir='ltr'><strong>interiecto</strong></span> <span class='ocrx_word' id='word_1_195' title='bbox 1065 2368 1144 2427; x_wconf 90' lang='lat' dir='ltr'><strong>inani</strong></span> <span class='ocrx_word' id='word_1_196' title='bbox 1166 2387 1216 2429; x_wconf 93' lang='lat' dir='ltr'><strong>co·</strong></span> <span class='ocrx_word' id='word_1_197' title='bbox 1229 2401 1255 2430; x_wconf 74' lang='grc' dir='ltr'><strong><em>ω</em></strong></span> 
     </span>
     <span class='ocr_line' id='line_1_22' title="bbox 167 2463 1217 2540; baseline 0.003 -18"><span class='ocrx_word' id='word_1_198' title='bbox 167 2463 340 2523; x_wconf 88' lang='lat' dir='ltr'><strong>haerescunt</strong></span> <span class='ocrx_word' id='word_1_199' title='bbox 360 2473 459 2521; x_wconf 89' lang='lat' dir='ltr'><strong>tamen</strong></span> <span class='ocrx_word' id='word_1_200' title='bbox 480 2463 555 2521; x_wconf 90' lang='lat' dir='ltr'><strong>inter</strong></span> <span class='ocrx_word' id='word_1_201' title='bbox 574 2481 606 2521; x_wconf 89' lang='lat' dir='ltr'><strong>se</strong></span> <span class='ocrx_word' id='word_1_202' title='bbox 627 2472 657 2521; x_wconf 91' lang='lat' dir='ltr'><strong>et</strong></span> <span class='ocrx_word' id='word_1_203' title='bbox 677 2463 751 2521; x_wconf 88' lang='lat' dir='ltr'><strong>aliae</strong></span> <span class='ocrx_word' id='word_1_204' title='bbox 771 2463 840 2522; x_wconf 87' lang='lat' dir='ltr'><strong>alias</strong></span> <span class='ocrx_word' id='word_1_205' title='bbox 865 2463 1122 2540; x_wconf 86' lang='lat' dir='ltr'><strong>adprehendentes</strong></span> <span class='ocrx_word' id='word_1_206' title='bbox 1144 2484 1217 2525; x_wconf 89' lang='lat' dir='ltr'><strong>con-</strong></span> 
     </span>
     <span class='ocr_line' id='line_1_23' title="bbox 166 2559 1218 2637; baseline 0.001 -18"><span class='ocrx_word' id='word_1_207' title='bbox 166 2561 331 2632; x_wconf 88' lang='lat' dir='ltr'><strong>tinuantur;</strong></span> <span class='ocrx_word' id='word_1_208' title='bbox 353 2577 390 2619; x_wconf 87' lang='lat' dir='ltr'><strong>ex</strong></span> <span class='ocrx_word' id='word_1_209' title='bbox 403 2577 463 2634; x_wconf 90' lang='lat' dir='ltr'><strong>quo</strong></span> <span class='ocrx_word' id='word_1_210' title='bbox 477 2559 642 2618; x_wconf 88' lang='lat' dir='ltr'><strong>efficiuntur</strong></span> <span class='ocrx_word' id='word_1_211' title='bbox 654 2577 707 2617; x_wconf 90' lang='lat' dir='ltr'><strong>eae</strong></span> <span class='ocrx_word' id='word_1_212' title='bbox 728 2577 824 2618; x_wconf 90' lang='lat' dir='ltr'><strong>rerum</strong></span> <span class='ocrx_word' id='word_1_213' title='bbox 844 2561 955 2620; x_wconf 87' lang='lat' dir='ltr'><strong>formae</strong></span> <span class='ocrx_word' id='word_1_214' title='bbox 970 2571 1000 2621; x_wconf 93' lang='lat' dir='ltr'><strong>et</strong></span> <span class='ocrx_word' id='word_1_215' title='bbox 1013 2563 1130 2637; x_wconf 87' lang='lat' dir='ltr'><strong>figurae,</strong></span> <span class='ocrx_word' id='word_1_216' title='bbox 1146 2579 1218 2636; x_wconf 91' lang='lat' dir='ltr'><strong>quas</strong></span> 
     </span>
     <span class='ocr_line' id='line_1_24' title="bbox 166 2655 1218 2735; baseline 0.001 -19"><span class='ocrx_word' id='word_1_217' title='bbox 166 2675 218 2716; x_wconf 91' lang='lat' dir='ltr'><strong>vos</strong></span> <span class='ocrx_word' id='word_1_218' title='bbox 233 2657 309 2715; x_wconf 87' lang='lat' dir='ltr'><strong>effici</strong></span> <span class='ocrx_word' id='word_1_219' title='bbox 322 2674 409 2732; x_wconf 90' lang='lat' dir='ltr'><strong>posse</strong></span> <span class='ocrx_word' id='word_1_220' title='bbox 423 2657 486 2714; x_wconf 92' lang='lat' dir='ltr'><strong>sine</strong></span> <span class='ocrx_word' id='word_1_221' title='bbox 507 2656 622 2715; x_wconf 91' lang='lat' dir='ltr'><strong>follibus</strong></span> <span class='ocrx_word' id='word_1_222' title='bbox 643 2666 673 2714; x_wconf 93' lang='lat' dir='ltr'><strong>et</strong></span> <span class='ocrx_word' id='word_1_223' title='bbox 693 2655 849 2716; x_wconf 92' lang='lat' dir='ltr'><strong>incudibus</strong></span> <span class='ocrx_word' id='word_1_224' title='bbox 871 2677 932 2718; x_wconf 92' lang='lat' dir='ltr'><strong>non</strong></span> <span class='ocrx_word' id='word_1_225' title='bbox 953 2660 1069 2735; x_wconf 90' lang='lat' dir='ltr'><strong>putatis.</strong></span> <span class='ocrx_word' id='word_1_226' title='bbox 1115 2659 1218 2733; x_wconf 91' lang='lat' dir='ltr'><strong>Itaque</strong></span> 
     </span>
     <span class='ocr_line' id='line_1_25' title="bbox 166 2751 1218 2830; baseline 0.002 -19"><span class='ocrx_word' id='word_1_227' title='bbox 166 2754 332 2828; x_wconf 90' lang='lat' dir='ltr'><strong>inposuistis</strong></span> <span class='ocrx_word' id='word_1_228' title='bbox 352 2754 382 2810; x_wconf 91' lang='lat' dir='ltr'><strong>in</strong></span> <span class='ocrx_word' id='word_1_229' title='bbox 404 2751 564 2811; x_wconf 87' lang='lat' dir='ltr'><strong>cervicibus</strong></span> <span class='ocrx_word' id='word_1_230' title='bbox 584 2753 688 2811; x_wconf 85' lang='lat' dir='ltr'><strong>nostris</strong></span> <span class='ocrx_word' id='word_1_231' title='bbox 709 2755 920 2830; x_wconf 91' lang='lat' dir='ltr'><strong>sempiternum</strong></span> <span class='ocrx_word' id='word_1_232' title='bbox 941 2754 1104 2826; x_wconf 90' lang='lat' dir='ltr'><strong>dominum,</strong></span> <span class='ocrx_word' id='word_1_233' title='bbox 1129 2773 1218 2830; x_wconf 94' lang='lat' dir='ltr'><strong>quem</strong></span> 
     </span>
     <span class='ocr_line' id='line_1_26' title="bbox 121 2848 1256 2925; baseline 0.006 -23"><span class='ocrx_word' id='word_1_234' title='bbox 121 2893 125 2902; x_wconf 89' lang='lat'>.</span> <span class='ocrx_word' id='word_1_235' title='bbox 167 2848 230 2907; x_wconf 91' lang='lat' dir='ltr'><strong>dies</strong></span> <span class='ocrx_word' id='word_1_236' title='bbox 244 2859 274 2907; x_wconf 90' lang='lat' dir='ltr'><strong>et</strong></span> <span class='ocrx_word' id='word_1_237' title='bbox 287 2858 389 2907; x_wconf 93' lang='lat' dir='ltr'><strong>noctes</strong></span> <span class='ocrx_word' id='word_1_238' title='bbox 403 2851 580 2906; x_wconf 89' lang='lat' dir='ltr'><strong>timeremus.</strong></span> <span class='ocrx_word' id='word_1_239' title='bbox 622 2849 696 2923; x_wconf 91' lang='lat' dir='ltr'><strong>Quis</strong></span> <span class='ocrx_word' id='word_1_240' title='bbox 716 2851 795 2908; x_wconf 93' lang='lat' dir='ltr'><strong>enim</strong></span> <span class='ocrx_word' id='word_1_241' title='bbox 809 2868 871 2909; x_wconf 91' lang='lat' dir='ltr'><strong>non</strong></span> <span class='ocrx_word' id='word_1_242' title='bbox 892 2852 993 2909; x_wconf 91' lang='lat' dir='ltr'><strong>timeat</strong></span> <span class='ocrx_word' id='word_1_243' title='bbox 1010 2852 1110 2908; x_wconf 86' lang='lat' dir='ltr'><strong>omnia</strong></span> <span class='ocrx_word' id='word_1_244' title='bbox 1123 2853 1218 2925; x_wconf 89' lang='lat' dir='ltr'><strong>provi·</strong></span> <span class='ocrx_word' id='word_1_245' title='bbox 1231 2883 1256 2921; x_wconf 69' lang='grc' dir='ltr'><strong>,ς</strong></span> 
     </span>
     <span class='ocr_line' id='line_1_27' title="bbox 148 2940 1217 3021; baseline 0 -17"><span class='ocrx_word' id='word_1_246' title='bbox 148 3007 150 3012; x_wconf 73' lang='grc'>,</span> <span class='ocrx_word' id='word_1_247' title='bbox 167 2944 287 3004; x_wconf 90' lang='lat' dir='ltr'><strong>dentem</strong></span> <span class='ocrx_word' id='word_1_248' title='bbox 301 2953 332 3002; x_wconf 99' lang='lat' dir='ltr'><strong>et</strong></span> <span class='ocrx_word' id='word_1_249' title='bbox 345 2944 522 3019; x_wconf 88' lang='lat' dir='ltr'><strong>cogitantem</strong></span> <span class='ocrx_word' id='word_1_250' title='bbox 537 2953 567 3002; x_wconf 93' lang='lat' dir='ltr'><strong>et</strong></span> <span class='ocrx_word' id='word_1_251' title='bbox 581 2940 861 3003; x_wconf 75' lang='lat' dir='ltr'><strong>animadvertentem</strong></span> <span class='ocrx_word' id='word_1_252' title='bbox 882 2955 912 3003; x_wconf 91' lang='lat' dir='ltr'><strong>et</strong></span> <span class='ocrx_word' id='word_1_253' title='bbox 931 2946 1031 3004; x_wconf 90' lang='lat' dir='ltr'><strong>omnia</strong></span> <span class='ocrx_word' id='word_1_254' title='bbox 1043 2945 1082 3004; x_wconf 92' lang='lat' dir='ltr'><strong>ad</strong></span> <span class='ocrx_word' id='word_1_255' title='bbox 1099 2963 1130 3004; x_wconf 93' lang='lat' dir='ltr'><strong>se</strong></span> <span class='ocrx_word' id='word_1_256' title='bbox 1153 2964 1217 3021; x_wconf 92' lang='lat' dir='ltr'><strong>per·</strong></span> 
     </span>
     <span class='ocr_line' id='line_1_28' title="bbox 129 3040 1219 3116; baseline 0.002 -18"><span class='ocrx_word' id='word_1_257' title='bbox 129 3041 258 3111; x_wconf 74' lang='lat' dir='ltr'><strong>sqtinere</strong></span> <span class='ocrx_word' id='word_1_258' title='bbox 285 3048 438 3114; x_wconf 90' lang='lat' dir='ltr'><strong>putantem</strong></span> <span class='ocrx_word' id='word_1_259' title='bbox 466 3040 613 3098; x_wconf 91' lang='lat' dir='ltr'><strong>curiosum</strong></span> <span class='ocrx_word' id='word_1_260' title='bbox 641 3050 671 3098; x_wconf 89' lang='lat' dir='ltr'><strong>et</strong></span> <span class='ocrx_word' id='word_1_261' title='bbox 697 3041 818 3116; x_wconf 90' lang='lat' dir='ltr'><strong>plenum</strong></span> <span class='ocrx_word' id='word_1_262' title='bbox 845 3041 955 3116; x_wconf 89' lang='lat' dir='ltr'><strong>negotii</strong></span> <span class='ocrx_word' id='word_1_263' title='bbox 981 3040 1094 3101; x_wconf 82' lang='lat' dir='ltr'><strong>deum?</strong></span> <span class='ocrx_word' id='word_1_264' title='bbox 1138 3043 1219 3100; x_wconf 90' lang='lat' dir='ltr'><strong>Hinc</strong></span> 
     </span>
    </p>

    <p class='ocr_par' dir='ltr' id='par_1_4' title="bbox 88 3134 1258 3789">
     <span class='ocr_line' id='line_1_29' title="bbox 88 3134 1218 3256; baseline 0.002 -61"><span class='ocrx_word' id='word_1_265' title='bbox 88 3158 141 3256; x_wconf 46' lang='grc' dir='ltr'><strong>,ὴ</strong></span> <span class='ocrx_word' id='word_1_266' title='bbox 167 3137 250 3196; x_wconf 85' lang='lat' dir='ltr'><strong>vobis</strong></span> <span class='ocrx_word' id='word_1_267' title='bbox 262 3135 355 3195; x_wconf 85' lang='lat' dir='ltr'><strong>extitit</strong></span> <span class='ocrx_word' id='word_1_268' title='bbox 365 3134 491 3216; x_wconf 79' lang='lat' dir='ltr'><strong>primum</strong></span> <span class='ocrx_word' id='word_1_269' title='bbox 502 3135 649 3195; x_wconf 77' lang='lat' dir='ltr'><strong>illa-fatalis</strong></span> <span class='ocrx_word' id='word_1_270' title='bbox 660 3137 827 3209; x_wconf 84' lang='lat' dir='ltr'><strong>necessitas,</strong></span> <span class='ocrx_word' id='word_1_271' title='bbox 834 3154 922 3212; x_wconf 89' lang='lat' dir='ltr'><strong>quam</strong></span> <span class='ocrx_word' id='word_1_272' title='bbox 935 3136 1100 3215; x_wconf 67' lang='grc' dir='ltr'><strong>εἶμρμένην</strong></span> <span class='ocrx_word' id='word_1_273' title='bbox 1113 3136 1218 3211; x_wconf 89' lang='lat' dir='ltr'><strong>dicitis,</strong></span> 
     </span>
     <span class='ocr_line' id='line_1_30' title="bbox 167 3231 1220 3319; baseline 0.002 -26"><span class='ocrx_word' id='word_1_274' title='bbox 167 3245 208 3307; x_wconf 90' lang='lat' dir='ltr'><strong>ut,</strong></span> <span class='ocrx_word' id='word_1_275' title='bbox 223 3232 364 3310; x_wconf 92' lang='lat' dir='ltr'><strong>quicquid</strong></span> <span class='ocrx_word' id='word_1_276' title='bbox 385 3231 509 3319; x_wconf 78' lang='lat' dir='ltr'><strong>accidat,</strong></span> <span class='ocrx_word' id='word_1_277' title='bbox 525 3232 556 3293; x_wconf 91' lang='lat' dir='ltr'><strong>id</strong></span> <span class='ocrx_word' id='word_1_278' title='bbox 578 3251 617 3300; x_wconf 86' lang='lat' dir='ltr'><strong>ex</strong></span> <span class='ocrx_word' id='word_1_279' title='bbox 640 3243 758 3293; x_wconf 90' lang='lat' dir='ltr'><strong>aeterna</strong></span> <span class='ocrx_word' id='word_1_280' title='bbox 770 3235 890 3294; x_wconf 88' lang='lat' dir='ltr'><strong>veritate</strong></span> <span class='ocrx_word' id='word_1_281' title='bbox 914 3252 1125 3312; x_wconf 87' lang='lat' dir='ltr'><strong>causarumque</strong></span> <span class='ocrx_word' id='word_1_282' title='bbox 1137 3254 1220 3295; x_wconf 82' lang='lat' dir='ltr'><strong>con·</strong></span> 
     </span>
     <span class='ocr_line' id='line_1_31' title="bbox 167 3328 1258 3410; baseline 0.002 -20"><span class='ocrx_word' id='word_1_283' title='bbox 167 3332 328 3391; x_wconf 88' lang='lat' dir='ltr'><strong>tinuatione</strong></span> <span class='ocrx_word' id='word_1_284' title='bbox 355 3329 472 3410; x_wconf 86' lang='lat' dir='ltr'><strong>fluxisse</strong></span> <span class='ocrx_word' id='word_1_285' title='bbox 498 3328 613 3395; x_wconf 82' lang='lat' dir='ltr'><strong>&#39;dicatis</strong></span> <span class='ocrx_word' id='word_1_286' title='bbox 665 3331 775 3405; x_wconf 90' lang='lat' dir='ltr'><strong>Quanti</strong></span> <span class='ocrx_word' id='word_1_287' title='bbox 802 3342 899 3390; x_wconf 89' lang='lat' dir='ltr'><strong>autem</strong></span> <span class='ocrx_word' id='word_1_288' title='bbox 927 3331 1001 3390; x_wconf 89' lang='lat' dir='ltr'><strong>haec</strong></span> <span class='ocrx_word' id='word_1_289' title='bbox 1035 3332 1220 3410; x_wconf 91' lang='lat' dir='ltr'><strong>philosophia</strong></span> <span class='ocrx_word' id='word_1_290' title='bbox 1233 3368 1258 3407; x_wconf 64' lang='grc' dir='ltr'><strong>,ο</strong></span> 
     </span>
     <span class='ocr_line' id='line_1_32' title="bbox 168 3418 1218 3513; baseline 0.001 -26"><span class='ocrx_word' id='word_1_291' title='bbox 168 3426 348 3487; x_wconf 91' lang='lat' dir='ltr'><strong>aestimanda</strong></span> <span class='ocrx_word' id='word_1_292' title='bbox 371 3437 424 3499; x_wconf 92' lang='lat' dir='ltr'><strong>est,</strong></span> <span class='ocrx_word' id='word_1_293' title='bbox 439 3428 488 3486; x_wconf 92' lang='lat' dir='ltr'><strong>cui</strong></span> <span class='ocrx_word' id='word_1_294' title='bbox 510 3418 659 3502; x_wconf 87' lang='lat' dir='ltr'><strong>tamquam</strong></span> <span class='ocrx_word' id='word_1_295' title='bbox 684 3427 813 3499; x_wconf 89' lang='lat' dir='ltr'><strong>aniculis,</strong></span> <span class='ocrx_word' id='word_1_296' title='bbox 829 3437 859 3486; x_wconf 93' lang='lat' dir='ltr'><strong>et</strong></span> <span class='ocrx_word' id='word_1_297' title='bbox 881 3428 915 3486; x_wconf 93' lang='lat' dir='ltr'><strong>iis</strong></span> <span class='ocrx_word' id='word_1_298' title='bbox 938 3427 1058 3503; x_wconf 90' lang='lat' dir='ltr'><strong>quidem</strong></span> <span class='ocrx_word' id='word_1_299' title='bbox 1084 3429 1218 3513; x_wconf 75' lang='lat' dir='ltr'><strong>indoctis,</strong></span> 
     </span>
     <span class='ocr_line' id='line_1_33' title="bbox 166 3515 1220 3608; baseline 0.003 -27"><span class='ocrx_word' id='word_1_300' title='bbox 166 3524 227 3583; x_wconf 91' lang='lat' dir='ltr'><strong>fato</strong></span> <span class='ocrx_word' id='word_1_301' title='bbox 259 3524 320 3582; x_wconf 86' lang='lat' dir='ltr'><strong>fieri</strong></span> <span class='ocrx_word' id='word_1_302' title='bbox 347 3522 501 3582; x_wconf 89' lang='lat' dir='ltr'><strong>videantur</strong></span> <span class='ocrx_word' id='word_1_303' title='bbox 534 3523 654 3582; x_wconf 82' lang='lat' dir='ltr'><strong>omnia?</strong></span> <span class='ocrx_word' id='word_1_304' title='bbox 707 3523 843 3596; x_wconf 90' lang='lat' dir='ltr'><strong>Sequitur</strong></span> <span class='ocrx_word' id='word_1_305' title='bbox 868 3525 985 3600; x_wconf 70' lang='grc' dir='ltr'>μαντικὴ</span> <span class='ocrx_word' id='word_1_306' title='bbox 1012 3515 1120 3608; x_wconf 62' lang='lat' dir='ltr'><strong>vestra}</strong></span> <span class='ocrx_word' id='word_1_307' title='bbox 1143 3543 1220 3600; x_wconf 91' lang='lat' dir='ltr'><strong>quae</strong></span> 
     </span>
     <span class='ocr_line' id='line_1_34' title="bbox 168 3612 1218 3695; baseline 0.002 -18"><span class='ocrx_word' id='word_1_308' title='bbox 168 3620 271 3678; x_wconf 89' lang='lat' dir='ltr'><strong>Latine</strong></span> <span class='ocrx_word' id='word_1_309' title='bbox 295 3619 478 3678; x_wconf 85' lang='lat' dir='ltr'><strong>divinatio</strong></span> <span class='ocrx_word' id='word_1_310' title='bbox 503 3612 617 3689; x_wconf 87' lang='lat' dir='ltr'><strong>dicitur,</strong></span> <span class='ocrx_word' id='word_1_311' title='bbox 633 3635 691 3691; x_wconf 92' lang='lat' dir='ltr'><strong>qua</strong></span> <span class='ocrx_word' id='word_1_312' title='bbox 711 3628 792 3676; x_wconf 90' lang='lat' dir='ltr'><strong>tanta</strong></span> <span class='ocrx_word' id='word_1_313' title='bbox 805 3618 992 3677; x_wconf 90' lang='lat' dir='ltr'><strong>inbueremur</strong></span> <span class='ocrx_word' id='word_1_314' title='bbox 1005 3621 1218 3695; x_wconf 89' lang='lat' dir='ltr'><strong>superstitione,</strong></span> 
     </span>
     <span class='ocr_line' id='line_1_35' title="bbox 166 3712 1219 3789; baseline 0.002 -16"><span class='ocrx_word' id='word_1_315' title='bbox 166 3716 267 3778; x_wconf 83' lang='lat' dir='ltr'><strong>sivos</strong></span> <span class='ocrx_word' id='word_1_316' title='bbox 291 3712 393 3771; x_wconf 90' lang='lat' dir='ltr'><strong>audire</strong></span> <span class='ocrx_word' id='word_1_317' title='bbox 417 3713 566 3784; x_wconf 91' lang='lat' dir='ltr'><strong>vellemus,</strong></span> <span class='ocrx_word' id='word_1_318' title='bbox 588 3721 622 3771; x_wconf 91' lang='lat' dir='ltr'><strong>ut</strong></span> <span class='ocrx_word' id='word_1_319' title='bbox 645 3713 821 3789; x_wconf 90' lang='lat' dir='ltr'><strong>haruspices,</strong></span> <span class='ocrx_word' id='word_1_320' title='bbox 844 3731 976 3788; x_wconf 85' lang='lat' dir='ltr'><strong>augures,</strong></span> <span class='ocrx_word' id='word_1_321' title='bbox 1000 3715 1109 3787; x_wconf 88' lang='lat' dir='ltr'><strong>harioli,</strong></span> <span class='ocrx_word' id='word_1_322' title='bbox 1129 3726 1219 3788; x_wconf 90' lang='lat' dir='ltr'><strong>vates,</strong></span> 
     </span>
    </p>

    <p class='ocr_par' dir='ltr' id='par_1_5' title="bbox 128 3806 1292 3885">
     <span class='ocr_line' id='line_1_36' title="bbox 128 3806 1292 3885; baseline 0 -17"><span class='ocrx_word' id='word_1_323' title='bbox 128 3828 154 3868; x_wconf 81' lang='lat' dir='ltr'><strong>ut</strong></span> <span class='ocrx_word' id='word_1_324' title='bbox 167 3809 350 3868; x_wconf 92' lang='lat' dir='ltr'><strong>coniectores</strong></span> <span class='ocrx_word' id='word_1_325' title='bbox 370 3808 456 3867; x_wconf 88' lang='lat' dir='ltr'><strong>uobis</strong></span> <span class='ocrx_word' id='word_1_326' title='bbox 477 3817 574 3866; x_wconf 91' lang='lat' dir='ltr'><strong>essent</strong></span> <span class='ocrx_word' id='word_1_327' title='bbox 597 3806 725 3866; x_wconf 87' lang='lat' dir='ltr'><strong>colendi.</strong></span> <span class='ocrx_word' id='word_1_328' title='bbox 768 3807 825 3866; x_wconf 91' lang='lat' dir='ltr'><strong>His</strong></span> <span class='ocrx_word' id='word_1_329' title='bbox 848 3809 1004 3866; x_wconf 90' lang='lat' dir='ltr'><strong>terroribus</strong></span> <span class='ocrx_word' id='word_1_330' title='bbox 1026 3809 1065 3868; x_wconf 90' lang='lat' dir='ltr'><strong>ab</strong></span> <span class='ocrx_word' id='word_1_331' title='bbox 1089 3808 1219 3883; x_wconf 90' lang='lat' dir='ltr'><strong>Epicuro</strong></span> <span class='ocrx_word' id='word_1_332' title='bbox 1232 3815 1260 3880; x_wconf 61' lang='grc' dir='ltr'><strong>,ς’</strong></span> <span class='ocrx_word' id='word_1_333' title='bbox 1289 3879 1292 3885; x_wconf 22' lang='lat'>¹</span> 
     </span>
    </p>
   </div>
   <div class='ocr_carea' id='block_1_3' title="bbox 0 0 1478 4364">
    <p class='ocr_par' dir='ltr' id='par_1_6' title="bbox 0 0 1478 4364">
     <span class='ocr_line' id='line_1_37' title="bbox 0 0 1478 4364; baseline 0 0"><span class='ocrx_word' id='word_1_334' title='bbox 0 0 1478 4364; x_wconf 95' lang='lat' dir='ltr'><strong> </strong></span> 
     </span>
    </p>
   </div>
  </div>
 </body>
</html>
