2932 4364
168 406 227 456 102
249 440 253 447 ·
493 402 542 453 DE
562 401 708 452 NATURA
730 396 890 451 DEORUM.

163 541 254 638 igitur
262 558 446 637 providentia
459 557 582 618 deorum
602 555 746 616 mundum
768 565 798 615 et
819 574 924 616 omnes
945 554 1047 616 mundi
1070 545 1171 634 partes¹
1188 565 1219 616 et

105 679 112 693 ²
163 659 248 717 initio
269 657 441 731 constitutas
463 673 526 714 esse
549 664 579 713 et
601 655 682 713 omni
705 664 838 730 tempore
859 653 1052 736 administrari
1063 675 1072 728 ;
1093 673 1217 731 eamque

165 755 396 831 disputationem
409 753 459 812 tn's
473 753 503 811 iu
522 761 619 828 partes
639 750 730 809 nostri
750 740 810 808 sere
830 750 974 822 dividunt,
989 769 1111 826 quarum
1125 753 1228 828 prima¹

164 868 231 926 pars
245 860 298 923 est,
313 868 388 924 quae
403 848 520 908 ducitur
532 848 571 906 ab
585 865 622 904 ea
635 847 756 917 ratione,
771 864 847 921 quae
863 847 952 909 docet
966 864 1029 905 esse
1045 847 1138 920 deos;
1158 865 1218 922 quo

165 963 309 1005 concesso
330 943 532 1003 confitendum
547 951 592 1000 est
605 951 707 1001 eorum
722 943 844 1000 consilio
858 940 1002 1001 mundum
1016 941 1217 1002 administrari.
1238 965 1250 1006 s

165 1040 303 1100 Secunda
316 1051 360 1099 est
373 1049 480 1112 autem,
492 1056 567 1114 quae
579 1037 669 1097 docet
683 1049 787 1097 omues
800 1055 846 1096 res
860 1038 1006 1097 subiectas
1020 1057 1085 1097 esse
1099 1048 1218 1098 naturae

165 1138 311 1210 sentienti,
325 1137 364 1196 ab
378 1154 471 1213 eaque
485 1135 586 1194 omnia
605 1133 810 1211 pulcherrume
825 1135 904 1210 geri;
926 1152 987 1210 quo
1001 1135 1160 1194 constituto
1173 1153 1219 1194 se·

165 1236 262 1311 quitur
275 1235 313 1294 ab
326 1234 522 1293 animantibus
536 1232 686 1308 principiis
707 1249 743 1290 ea
764 1248 829 1290 esse
850 1241 996 1307 generata
1037 1233 1152 1291 Tertius
1175 1241 1220 1292 est

164 1331 256 1405 locus,
271 1331 321 1408 qui
336 1330 453 1390 ducitur
472 1347 510 1389 ex
530 1328 722 1388 admiratione
742 1346 839 1387 rerum
861 1328 1031 1388 caelestium
1052 1339 1141 1406 atque
1163 1338 1218 1388 ter·

164 1431 306 1496 restrium.
1233 1453 1258 1480 ιο

97 1497 158 1654 Θ
207 1528 334 1586 Primum
348 1526 433 1604 igitur
447 1535 496 1585 aut
510 1525 679 1601 negandum
700 1533 745 1584 est
765 1543 830 1584 esse
853 1523 936 1597 deos,
951 1524 1032 1601 quod
1055 1535 1085 1585 et
1107 1526 1218 1585 Demo·

165 1625 253 1684 critus
267 1625 420 1684 simulacra
440 1633 470 1682 et
491 1624 636 1697 Epicurus
658 1623 799 1699 imagines
822 1622 965 1681 inducens
979 1623 1109 1699 quodam
1131 1634 1220 1700 pacto

164 1730 262 1797 negat,
276 1730 335 1794 aut,
349 1722 400 1797 qui
414 1720 488 1779 deos
501 1737 566 1778 esse
581 1718 757 1791 concedant,
772 1720 806 1777 iis
820 1719 971 1779 fatendum
985 1730 1029 1778 est
1043 1739 1095 1779 eos
1110 1718 1220 1795 aliquid

165 1835 260 1893 agere,
275 1816 364 1891 idque
379 1816 579 1893 praeclarum3
600 1815 671 1874 nihil
686 1825 730 1873 est
743 1813 843 1874 autem
863 1816 1037 1890 praeclarius
1051 1815 1153 1874 mundi
1168 1815 1220 1874 ad-

167 1913 377 1972 ministratione
388 1932 397 1985 ;
422 1911 546 1970 deorum
567 1911 652 1987 igitur
672 1911 795 1969 consilio
817 1910 1040 1970 administratur.
1083 1911 1174 1986 Quod
1196 1912 1221 1970 si
1234 1933 1258 1973 ις

168 2010 250 2068 aliter
270 2019 323 2082 est,
337 2007 447 2085 aliquid
468 2008 601 2085 prolecto
621 2008 658 2067 sit
679 2025 801 2067 necesse
825 2017 869 2066 est
892 2009 996 2067 melius
1018 2018 1048 2067 et
1069 2008 1221 2069 maiorevi

167 2106 333 2184 praeditum
348 2123 438 2182 quam
459 2105 543 2177 deus,
557 2106 643 2181 quale
665 2105 696 2164 id
718 2124 845 2181 cumque
868 2115 921 2179 est,
936 2105 996 2165 sive
1019 2106 1148 2165 inanima
1169 2124 1220 2165 na-

168 2213 233 2263 tura
245 2204 305 2262 sive
326 2202 484 2262 necessitas
497 2203 525 2260 vi
546 2219 653 2277 magna
675 2203 794 2261 incitata
816 2203 890 2260 haec
914 2203 1109 2278 pulcherrima
1131 2220 1222 2279 opera

130 2313 157 2358 π
169 2299 309 2371 efficiens,
322 2316 398 2373 quae
419 2296 561 2357 videmus.
604 2298 674 2356 Non
697 2299 849 2374 est'igitur
869 2308 971 2356 natura
993 2298 1116 2357 deorum
1137 2316 1220 2374 prae·

169 2391 275 2474 potens
288 2412 385 2470 neque
400 2395 555 2466 excellens,
569 2393 715 2470 siquidem
730 2412 766 2453 ea
780 2395 912 2454 subiecta
925 2405 969 2454 est
986 2396 1014 2454 ei
1027 2397 1074 2454 vel
1094 2395 1220 2454 necessi·
1234 2423 1260 2450 ω

169 2493 221 2551 tati
237 2492 283 2552 vel
303 2501 431 2564 naturae,
446 2508 505 2566 qua
525 2492 648 2561 caelum,
673 2491 772 2564 maria,
795 2501 888 2550 terrae
910 2503 1064 2569 regantur;
1084 2492 1156 2550 nihil
1178 2501 1223 2550 est

107 2640 109 2644 a
170 2599 269 2649 autem
282 2587 473 2665 praestantius
487 2586 566 2660 de03
587 2588 624 2647 ab
639 2605 676 2646 eo
690 2588 776 2663 igitur
792 2586 937 2647 mundum
958 2607 1079 2648 necesse
1094 2598 1139 2648 est
1152 2589 1222 2665 regi,

171 2686 249 2746 Nulli
269 2686 354 2762 igitur
375 2696 419 2745 est
440 2696 559 2744 naturae
578 2685 741 2744 oboediens
762 2694 813 2744 aut
834 2686 982 2744 subiectus
1004 2687 1087 2758 deus,
1102 2705 1223 2745 omnem

171 2800 241 2858 ergo
261 2781 334 2857 regit
354 2782 417 2858 ipse
437 2792 579 2841 naturam.
621 2782 740 2840 Etenim
762 2782 786 2840 si
809 2782 1001 2841 concedimus
1023 2783 1223 2859 intellegentes

172 2897 235 2937 esse
263 2877 345 2950 deos,
370 2877 563 2937 concedimus
591 2878 680 2937 etiam
708 2877 904 2954 providentes,
929 2888 960 2936 et
983 2897 1079 2937 rerum
1102 2879 1223 2953 quidem
1236 2902 1261 2941 rs

172 2993 381 3033 maxumarum.
424 2975 505 3050 Ergo
519 2984 623 3033 utrum
646 2975 789 3049 ignorant,
810 2992 886 3049 quae
908 2992 955 3032 res
977 2992 1133 3033 maxumae
1157 2976 1223 3047 sint,

172 3088 290 3147 quoque
319 3088 372 3129 eae
400 3070 491 3129 modo
519 3069 689 3129 tractandae
716 3080 747 3129 et
775 3069 911 3142 tuendae,
935 3088 974 3128 an
997 3071 1056 3130 vim
1084 3088 1145 3130 non
1174 3071 1224 3130 ha-

172 3155 255 3240 bent,¹
277 3185 336 3243 qua
361 3177 456 3227 tantas
483 3185 529 3226 res
556 3167 719 3227 sustineant
745 3174 776 3226 et
799 3167 921 3243 gerant?
960 3170 999 3227 At
1026 3176 1056 3226 et
1083 3169 1225 3244 ignoratio

172 3282 268 3323 rerum
289 3263 383 3323 aliena
403 3274 522 3323 naturae
543 3263 668 3323 deorum
687 3272 739 3336 est,
755 3273 785 3322 et
807 3263 968 3323 sustinendi
988 3265 1116 3324 muneris
1137 3283 1224 3342 prop-

173 3370 217 3419 ter
250 3360 468 3419 inbecillitatem
503 3359 657 3419 difficultas
699 3360 819 3419 minime
855 3360 933 3419 cadit
973 3361 1003 3420 in
1044 3361 1225 3421 maiestatem
1239 3392 1265 3430 30

174 3457 328 3517 deorum..
358 3458 405 3516 Ex
431 3474 492 3533 quo
519 3456 642 3515 efficitur
668 3455 709 3530 id,
733 3456 817 3532 quod
839 3457 983 3530 volumus,
1008 3456 1131 3517 deorum
1158 3476 1226 3535 pro-

129 3539 165 3650 {⁸¹
174 3554 304 3614 videntia
328 3553 471 3615 mundum
495 3552 697 3614 administrari.
739 3555 828 3630 Atqui
855 3573 976 3614 necesse
1001 3562 1056 3628 est,
1078 3574 1147 3616 cum
1170 3557 1228 3616 sint

173 3650 213 3723 di,
229 3653 253 3710 si
274 3651 366 3711 modo
387 3661 464 3723 sunt,
478 3660 511 3710 ut
532 3652 666 3727 prosectu
689 3661 765 3722 sunt,
786 3652 940 3711 animantis
965 3670 1039 3724 esse,
1054 3671 1111 3711 nec
1133 3654 1228 3712 solum

173 3747 339 3818 animantis,
354 3746 509 3806 sedetiam
531 3747 650 3805 rationis
671 3757 825 3822 compotes
846 3747 921 3804 inter
942 3764 1033 3821 seque
1047 3749 1131 3822 quasi
1151 3749 1228 3807 civili

174 3842 380 3901 conciliatione
395 3850 425 3899 et
438 3841 579 3900 societate
593 3840 776 3912 coniunctos,
788 3859 879 3900 unum
893 3840 1037 3900 mundum
1052 3853 1084 3902 ut
1095 3861 1227 3903 commu·
1241 3868 1267 3910 ³⁵
