2932 4364
222 358 281 436 138
547 369 763 420 uenarum
786 369 945 420 pronun.

216 525 241 584 si
262 523 334 600 quid
356 523 502 600 explanari
524 523 577 582 tibi
597 523 687 595 voles,
701 521 881 598 respondere
902 523 979 582 malo
990 544 999 596 ;
1020 524 1064 582 sin
1080 542 1128 583 me
1149 524 1269 584 interro-

216 639 284 697 gare
306 639 367 678 non
387 631 447 678 tam
469 619 658 695 intellegendi
679 637 768 677 causa
787 637 876 694 quam
894 621 1053 692 refellendi,
1069 631 1165 680 utrum
1179 623 1269 694 voles,

216 719 332 788 faciam,
353 718 400 774 vel
421 716 459 774 ad
480 717 601 791 singula,
623 733 700 790 quae
725 716 862 790 requires,
885 717 981 774 statim
1006 718 1193 792 respondebo
1213 719 1269 790 vel,

191 829 286 871 ocum
300 813 451 888 peroraris,
466 811 506 869 ad
520 812 629 870 omnia.
663 813 741 869 Tum
757 811 863 870 Cotta:
887 811 1016 886 Optime,
1032 812 1133 888 inquit.
1170 814 1268 888 Quam

186 908 257 966 hob
277 925 340 965 rem
361 908 403 965 sic
423 914 553 982 agamus,
568 916 600 964 ut
620 924 675 964 nos
697 907 760 981 ipsa
777 906 867 964 ducet
881 908 982 966 oratio.
1024 906 1083 967 Sed
1096 920 1164 967 ante
1179 928 1269 985 quam
1289 935 1300 974 s

216 1003 255 1063 de
269 1022 310 1077 re,
326 1022 422 1080 pauca
435 1003 473 1062 de
488 1021 545 1062 me.
585 1004 655 1062 Non
669 989 749 1062 enim
763 1002 950 1064 mediocriter
963 1024 1085 1065 moveor
1098 995 1270 1067 auctoritate

216 1112 276 1177 tua,
292 1102 392 1175 Balbe,
408 1102 598 1179 orationeque
612 1119 657 1174 ea,
672 1120 748 1178 quae
763 1120 810 1160 me
826 1103 855 1161 in
871 1103 1036 1180 perorando
1053 1104 1269 1180 cohortabatur,

215 1212 249 1261 ut
270 1201 470 1261 meminissem
494 1219 542 1259 me
567 1210 597 1259 et
618 1201 737 1260 Cottam
760 1218 823 1259 esse
847 1211 877 1259 et
899 1202 1069 1277 pontificem
1080 1223 1089 1275 ;
1117 1204 1200 1279 quod
1222 1223 1268 1277 eo,

217 1300 317 1373 credo,
332 1286 455 1372 ¹valebat,
470 1309 503 1358 ut
517 1298 681 1374 opiniones,
696 1317 768 1374 quas
783 1318 800 1356 a
815 1299 972 1358 maioribus
986 1301 1155 1375 accepimus
1170 1301 1208 1360 de
1223 1301 1269 1361 dis

216 1397 424 1467 inmortalibus,
436 1414 527 1467 sacra,
540 1396 731 1453 caerimonias
745 1396 959 1471 religionesque
973 1396 1173 1456 defenderem.
1203 1399 1269 1474 Ego
1283 1427 1308 1454 ιο

216 1511 286 1551 vero
306 1511 355 1567 eas
376 1491 536 1551 defendam
557 1509 673 1567 semper
694 1508 869 1566 semperque
892 1492 1021 1563 defendi,
1036 1511 1093 1551 nec
1114 1511 1161 1551 me
1179 1512 1217 1552 ex
1233 1513 1270 1553 ea

217 1591 366 1664 opinione,
381 1607 471 1664 quam
487 1607 506 1646 a
522 1588 678 1647 maioribus
699 1589 803 1663 accepi
824 1588 862 1646 de
885 1589 964 1646 cultu
986 1587 1109 1648 deorum
1131 1590 1268 1648 inmorta-

215 1685 295 1756 lium,
310 1686 394 1743 ullius
407 1703 547 1759 umquam
562 1684 654 1743 oratio
669 1695 718 1741 aut
733 1683 813 1741 docti
832 1694 883 1741 aut
899 1684 1012 1742 indocti
1028 1686 1166 1744 movebit.
1208 1686 1268 1745 Sed

217 1798 284 1838 cum
319 1780 357 1837 de
392 1780 530 1855 religione
565 1779 666 1854 agitur,
699 1779 746 1837 Ti.
776 1779 1017 1851 Coruncanium,¹
1033 1781 1065 1839 P.
1089 1781 1267 1856 Scipionem,

218 1876 249 1934 P.
265 1876 444 1946 Scaevolam,
460 1875 614 1951 pontifices
628 1876 781 1946 maximos,
797 1894 856 1933 non
873 1877 1025 1936 Zenonem
1039 1887 1088 1934 aut
1103 1878 1266 1937 Cleanthen
1281 1904 1305 1943 ις

216 1981 267 2030 aut
289 1971 485 2048 Chrysippum
510 1989 617 2047 sequor
641 1970 796 2046 habeoque
819 1972 853 2031 C.
876 1972 1006 2031 Laelium
1031 1991 1170 2048 augurem
1195 1993 1266 2033 eun-

217 2068 345 2144 demque
360 2069 532 2143 sapientem‚
547 2085 635 2143 quem
649 2069 747 2142 potius
763 2068 881 2126 audiam
898 2067 1046 2128 dicentem
1068 2069 1106 2128 de
1127 2071 1267 2146 religione

216 2166 246 2224 in
267 2165 315 2223 illa
335 2165 466 2223 oratione
487 2163 576 2222 nobili
598 2181 687 2239 quam
708 2182 885 2239 quemquam
907 2165 1071 2240 principem
1092 2167 1265 2228 Stoicorum.

217 2261 352 2335 Cumque
374 2260 469 2316 omnis
491 2258 591 2333 populi
614 2260 741 2317 Romani
763 2259 863 2335 religio
886 2260 916 2317 in
938 2270 1071 2318 sacra-et
1091 2262 1121 2319 in
1135 2264 1268 2338 auspicia

216 2354 308 2413 divisa
321 2355 366 2426 sit,
381 2355 497 2413 tertium
511 2344 683 2413 adiunctum
697 2356 742 2425 sit,
757 2355 781 2413 si
800 2354 872 2430 quid
881 2355 1098 2431 praedictionis
1120 2376 1209 2416 causa
1229 2378 1266 2417 ex
1279 2383 1305 2411 ω

215 2452 355 2527 portentis
376 2461 407 2510 et
426 2451 562 2509 monstris
583 2450 706 2526 Sibyllae
727 2451 897 2526 interpretes
919 2453 1124 2528 haruspicesve
1142 2473 1264 2515 monue-

214 2560 289 2621 runt,
315 2548 416 2608 harum
441 2566 497 2624 ego
520 2548 692 2623 religionum
717 2549 826 2606 nullam
850 2568 990 2625 umquam
1015 2553 1265 2614 contemnendam

215 2647 313 2723 putavi
334 2647 462 2722 mihique
482 2648 521 2704 ita
541 2647 680 2721 persuasi,
696 2647 855 2705 Romulum
870 2647 1017 2723 auspiciis,
1033 2650 1162 2710 Numam
1177 2655 1266 2712 sacris

215 2745 378 2804 constitutis
399 2743 589 2804 fundamenta
609 2743 712 2803 iecisse
733 2754 849 2803 nostrae
866 2745 998 2818 civitatis,
1014 2765 1089 2823 quae
1103 2768 1264 2826 numquam

214 2843 346 2918 proiecto
361 2843 423 2901 sine
438 2860 552 2901 summa
566 2841 730 2917 placatione
745 2841 868 2901 deorum
883 2843 1088 2906 inmortalium.
1098 2857 1180 2907 tanta
1200 2867 1264 2907 esse
1277 2875 1302 2913 ος

188 2941 363 3015 opotuisset.
407 2939 520 3010 Habes,
546 2939 645 3011 Balbe,
670 2938 742 3014 quid
766 2939 863 3011 Cotta,
889 2939 961 3016 quid
984 2927 1117 3016 pontifex¹
1140 2945 1263 3018 sentiat,

213 3036 260 3094 fac
274 3054 353 3094 nunc
368 3053 424 3111 ego
438 3035 615 3110 intellegam,
630 3044 660 3093 tu
676 3035 747 3111 quid
762 3036 878 3095 sentias.
909 3039 978 3096 Ate
993 3040 1072 3096 enim
1086 3039 1264 3116 philosopho

213 3133 357 3191 rationem
380 3132 515 3206 accipere
543 3130 640 3190 debeo
667 3132 822 3208 religionis,
848 3134 1004 3193 maioribus
1033 3145 1131 3195 autem
1158 3141 1263 3197 nostris

185 3231 304 3302 {tetiam
318 3229 396 3288 nulla
409 3229 520 3287 ratione
535 3227 650 3287 reddita
664 3228 792 3287 credere.
823 3231 900 3289 Tum
917 3230 1043 3291 Balbus:
1066 3233 1164 3306 Quam
1180 3235 1264 3309 igitur

213 3346 231 3384 a
252 3345 300 3384 me
321 3327 472 3396 rationem,
494 3325 596 3399 inquit,
618 3325 713 3396 Cotta,
733 3324 903 3385 desideras?
944 3329 983 3386 Et
997 3328 1062 3388 ille:
1086 3330 1261 3406 Quadriper-
1276 3356 1301 3394 ³0

213 3424 273 3493 tita,
289 3422 390 3497 inquit,
406 3422 457 3479 suit
471 3420 575 3478 divisio
592 3430 650 3491 tua,
664 3421 790 3495 primum
808 3422 942 3482 utvelles
964 3423 1072 3482 docere
1094 3424 1167 3483 deos
1188 3444 1261 3499 esse,

212 3516 321 3576 deinde
343 3516 443 3592 quales
464 3526 569 3587 essent,
585 3524 646 3575 turn
660 3516 698 3574 ab
716 3517 750 3574 iis
769 3516 914 3576 mundum
934 3520 1004 3594 regi,
1019 3531 1169 3595 postremo
1185 3540 1260 3582 ‘con-

211 3616 304 3673 sulere
319 3632 371 3672 eos
385 3613 472 3672 rebus
487 3613 629 3671 humanis.
673 3614 768 3685 Haec,
783 3614 900 3673 sirecte
918 3616 1047 3688 memini,
1062 3619 1178 3693 partitio
1199 3620 1260 3679 fuit.
1352 3614 1354 3619 ’

212 3713 407 3781 Rectissume,
422 3710 515 3783 inquit
531 3710 657 3779 ilalbus;
679 3709 732 3767 sed
746 3720 881 3784 expecto,
897 3712 968 3786 quid
982 3714 1119 3787 requiras.

186 3817 198 3860 t
250 3808 328 3865 Tum
343 3806 449 3863 Cotta:
474 3803 601 3862 Primum
614 3802 743 3878 quidque
757 3804 918 3878 videamus,
934 3807 1045 3881 inquit,
1067 3819 1105 3879 et,
1121 3810 1144 3867 si
1166 3810 1196 3867 id
1217 3821 1299 3870 estas
