2932 4364
233 411 294 460 120
560 410 608 460 DE
629 411 774 461 NATURA
797 409 956 460 DEORUM.

230 561 294 619 Iam
308 560 357 620 illa
370 563 525 634 cernimus,
541 571 690 621 utcontra
702 562 761 621 vim
776 572 806 621 et
821 572 933 620 metum
953 563 1012 622 suis
1032 582 1064 622 se
1084 565 1172 624 armis
1191 583 1281 641 quae-

228 675 286 733 que
310 657 481 730 defendant,
506 658 642 717 cornibus
667 659 749 730 tauri,
773 660 835 734 apri
864 658 1009 732 dentibus,
1034 679 1132 720 morsu
1159 662 1260 721 leones
1270 683 1280 736 ;

228 755 301 814 aliae
324 755 393 831 suga
413 772 455 826 se,
481 755 555 812 aliae
577 755 774 813 occultatione
799 764 936 827 tutantur,
961 758 1114 816 atramenti
1138 758 1280 819 effusione

228 851 336 927 sepiae,
351 860 469 926 torpore
483 850 662 926 torpedines,
677 851 785 908 multae
800 852 887 909 etiam
902 852 1071 911 insectantis
1084 852 1183 912 odoris
1205 855 1279 912 into-

228 945 490 1017 lerabilisoeditate
505 945 666 1022 depellunt.
761 988 764 997 .
986 938 987 941 '
1186 1020 1189 1024 ⁴
1300 975 1312 1015 ς

184 1042 222 1099 51
267 1045 311 1106 Ut
323 1062 392 1103 vero
406 1052 564 1120 perpetuus
578 1042 681 1103 mundi
701 1053 778 1104 esset
791 1055 919 1118 ornatus,
934 1063 1040 1122 magna
1061 1045 1192 1106 adhibita
1211 1067 1281 1112 cura

228 1150 273 1201 est
286 1160 304 1201 a
317 1141 501 1218 providentia
514 1139 647 1214 deorum,
662 1152 694 1201 ut
707 1160 824 1219 semper
837 1152 934 1202 essent
948 1151 978 1202 et
995 1143 1153 1203 bestiarum
1172 1163 1281 1221 genera

228 1250 258 1299 et
271 1225 407 1299 arbomm
427 1240 619 1315 omniumque
639 1258 745 1313 rerum,
761 1259 836 1316 quae
858 1259 876 1299 a
895 1250 972 1299 terra
991 1241 1127 1317 stirpibus
1148 1243 1280 1301 eontine-

227 1348 335 1398 rentur.
376 1339 461 1413 Quae
476 1338 597 1413 quidem
611 1323 712 1396 omnia
726 1357 791 1398 earn
806 1339 864 1397 vim
879 1331 997 1397 seminis
1011 1339 1122 1399 habent
1142 1340 1173 1399 in
1192 1359 1234 1413 se,
1249 1351 1281 1399 ut

228 1454 265 1493 ex
278 1453 337 1493 uno
352 1434 434 1511 plura
443 1445 637 1510 generentur3
659 1433 749 1510 idque
764 1453 867 1494 semen
888 1436 1032 1494 inclusum
1053 1448 1098 1495 est
1118 1437 1148 1495 in
1169 1437 1281 1495 intuma
1296 1464 1320 1490 ω

196 1532 199 1537 ⁴
227 1542 308 1609 parte
323 1549 422 1590 earum
437 1532 584 1603 bacarum,
600 1548 675 1606 quae
690 1549 858 1616 ex‘quaque
878 1532 967 1608 stirpe
989 1531 1160 1603 funduntur,
1173 1533 1280 1592 isdem·

228 1647 285 1704 que
300 1627 459 1686 seminibus
480 1637 510 1686 et
530 1628 665 1686 homines
679 1627 801 1686 adfatim
815 1639 973 1687 vescuntur
986 1638 1016 1687 et
1031 1639 1124 1687 terrae
1147 1629 1280 1687 eiusdem

184 1737 221 1780 ras
227 1724 341 1800 generis
360 1724 493 1799 stirpium
512 1723 701 1781 renovatione
718 1724 902 1798 conplentur.
944 1724 1026 1799 Quid
1045 1725 1157 1800 loquar,
1171 1736 1281 1800 quanta

227 1821 300 1880 ratio
325 1821 356 1880 in
376 1820 477 1879 bestiis
501 1819 540 1878 ad
567 1830 740 1895 perpetuam
766 1820 1018 1880 conservationem
1042 1839 1142 1880 earum
1166 1823 1280 1897 generis

228 1919 389 1997 appareat?
428 1918 506 1977 Nam
520 1917 646 1993 primum
660 1917 732 1976 aliae
747 1935 851 1991 mares,
867 1917 939 1976 aliae
961 1917 1086 1977 feminae
1107 1928 1184 1991 sunt,
1199 1918 1280 1995 quod
1295 1940 1318 1980 ts

229 2015 428 2095 perpetuitatis
442 2033 531 2073 causa
544 2013 712 2073 machinata
724 2025 827 2074 natura
841 2024 893 2089 est,
909 2014 1018 2076 deinde
1032 2025 1129 2092 partes
1150 2017 1281 2093 corporis

140 2119 142 2121 ’
230 2123 260 2175 et
279 2113 319 2174 ad
339 2111 554 2192 procreandum
574 2121 605 2172 et
623 2111 662 2172 ad
676 2112 907 2189 concipiendum
920 2112 1097 2190 aptissimae,
1111 2123 1142 2173 et
1155 2113 1186 2173 in
1200 2133 1280 2175 mare

230 2222 260 2272 et
274 2213 304 2272 in
317 2212 426 2270 semina
442 2209 729 2269 commiscendorum
744 2229 899 2287 corporum
914 2211 1003 2269 mirae
1017 2209 1162 2271 libidines.
1203 2212 1281 2272 Cum

193 2353 195 2358 -
230 2318 328 2369 autem
342 2309 373 2368 in
386 2308 459 2367 locis
472 2325 574 2367 semen
589 2305 704 2379 insedit,
719 2307 793 2383 rapit
814 2325 933 2367 omnem
954 2307 1014 2365 sere
1036 2306 1136 2366 cibum
1156 2307 1195 2366 ad
1216 2327 1280 2368 sese

231 2424 326 2482 eoque
341 2414 474 2481 saeptum
489 2401 571 2479 fingit
584 2403 710 2477 animal;
731 2403 895 2479 quodcum
916 2421 954 2461 ex
973 2412 1057 2462 utero
1078 2402 1210 2478 elapsum
1231 2423 1280 2463 ex·
1294 2425 1320 2452 ω

231 2502 311 2576 cidit,
332 2502 363 2561 in
377 2502 417 2561 'iis
439 2500 641 2572 animantibus,
663 2518 738 2576 quae
759 2501 835 2559 lacte
855 2500 978 2572 aluntur,
999 2499 1096 2559 omnis
1117 2500 1177 2559 sere
1198 2500 1281 2560 cibus

231 2599 534 2664 matmm'lactescere
557 2597 668 2673 incipit,
691 2615 793 2673 eaque,
816 2614 892 2674 quae
914 2595 1003 2673 paulo
1024 2605 1093 2654 ante
1115 2606 1184 2656 nata
1204 2609 1281 2670 sunt,

230 2698 293 2777 sine
307 2697 443 2772 magistro
457 2695 536 2754 duce
548 2705 652 2752 natura
664 2712 806 2752 mammas
820 2703 965 2769 appetunt
978 2710 1136 2768 earumque
1150 2693 1281 2753 ubertate

230 2803 400 2853 saturantur.
442 2794 537 2866 Atque
552 2800 584 2849 ut
598 2790 798 2866 intellegamus
818 2790 891 2848 nihil
911 2791 1016 2848 horum
1037 2807 1101 2848 esse
1122 2789 1281 2864 fortuitum,

231 2900 260 2948 et
281 2888 475 2948 haecomnia
496 2905 559 2946 esse
581 2905 671 2962 opera
691 2885 830 2962 providae
852 2885 1032 2961 sollertisque
1054 2895 1184 2959 naturae,
1205 2905 1281 2962 quae
1295 2909 1320 2949 «ς

230 2985 404 3060 multiplices
427 2983 500 3041 setus
522 2991 686 3057 procreant,
708 2991 740 3039 ut
762 2999 837 3054 sues,
858 2991 890 3039 ut
913 2999 1010 3053 canes,
1032 2980 1067 3040 iis
1088 2999 1282 3041 mammarum

230 3081 300 3140 data
319 3090 364 3137 est
384 3075 539 3137 multitudo
549 3097 558 3150 3
586 3094 658 3152 quas
680 3076 800 3134 easdem
822 3095 931 3152 paucas
953 3077 1064 3135 habent
1085 3094 1138 3135 eae
1160 3077 1281 3150 bestiae,

187 3195 306 3254 :atquae
327 3193 424 3252 pauca
443 3172 581 3251 gignunt.¹
599 3201 601 3206 v
615 3172 695 3248 Quid
709 3172 817 3246 dicam,
832 3184 959 3249 quantus
973 3192 1056 3232 amor
1072 3173 1229 3234 bestiarum
1246 3175 1282 3234 sit

231 3275 261 3333 in
281 3270 443 3333 educandis
465 3269 722 3346 custodiendisque
738 3270 781 3343 iis,
796 3289 871 3347 quae
885 3281 1121 3348 procreaverunt,
1135 3290 1229 3349 usque
1244 3272 1282 3331 ad

231 3391 298 3432 eum
313 3371 412 3442 finem,
426 3368 497 3428 dum
512 3368 624 3444 possint
637 3385 669 3427 se
683 3368 748 3444 ipsa
760 3367 943 3430 defendere?
960 3370 1014 3429 etsi
1028 3371 1134 3447 pisces,
1145 3380 1178 3429 ut
1191 3371 1281 3443 aiunt,
1295 3390 1321 3429 ao

230 3488 287 3529 ova
308 3488 376 3527 cum
397 3474 568 3544 genuerunt,
582 3465 767 3541 relinquunt,
788 3466 872 3524 facile
887 3467 965 3525 enim
983 3466 1030 3526 illa
1050 3485 1128 3543 aqua
1148 3477 1178 3526 et
1198 3469 1282 3527 susti·

187 3571 335 3628 iinentur
362 3575 393 3623 et
420 3564 511 3622 fetum
538 3560 673 3622 fundunt.
726 3563 903 3622 Testudines
931 3573 1030 3622 autem
1057 3573 1088 3623 et
1116 3564 1283 3624 crocodilos

230 3663 342 3734 dicunt,
368 3666 436 3719 cum
461 3660 491 3716 in
515 3667 591 3729 terra
614 3666 728 3732 partum
753 3657 907 3728 ediderint,
930 3659 1054 3718 obruere
1082 3679 1147 3733 ova,
1173 3659 1282 3719 deinde

231 3760 405 3828 discedere;
426 3757 515 3813 itaet
535 3762 693 3810 nascuntur
713 3762 743 3810 et
763 3752 926 3811 educantur
946 3755 1009 3829 ipsa
1029 3774 1082 3832 per
1101 3775 1175 3816 sese,
1218 3758 1283 3815 Iam

230 3856 352 3927 gallinae
375 3867 502 3925 avesque
524 3848 652 3923 reliquae
674 3856 705 3906 et
725 3848 856 3923 quietum
877 3850 1027 3926 requirunt
1048 3852 1087 3910 ad
1108 3851 1283 3929 pariendum
1295 3876 1337 3938 ³⁵s

1284 3952 1305 4007 'l
