2932 4364
231 340 289 403 162
555 352 604 402 ou
625 352 772 404 uarum
794 351 953 403 osonum

226 525 335 581 sumus,
356 507 462 583 quibus
481 524 533 565 vos
554 514 676 582 optume
699 507 865 566 consultum
885 524 904 564 a
924 505 969 572 dis
984 504 1191 566 ¹inmortalibus
1205 506 1278 566 dici·

226 607 271 665 tis.
314 606 392 664 Nam
408 614 440 663 ut
453 602 524 662 nihil
544 603 672 675 interest,
687 613 783 662 utrum
804 622 892 663 nemo
906 605 1009 678 valeat,
1025 624 1062 662 an
1083 623 1173 663 nemo
1188 605 1280 681 possit

226 704 330 773 valere,
346 702 387 760 sic
404 720 465 759 non
484 701 630 776 intellego,
646 699 718 776 quid
733 700 851 772 intersit,
867 711 964 759 utrum
985 720 1074 760 nemo
1095 703 1131 760 sit
1152 703 1278 778 sapiens,

226 819 264 857 an
279 817 368 856 nemo
383 815 447 856 esse
462 799 561 873 possit.
605 799 650 855 Ac
671 815 725 855 nos
746 797 867 872 quidem
890 797 976 855 nimis
994 798 1084 856 multu
1097 798 1136 857 de
1150 817 1181 856 re
1195 817 1278 874 aper-

226 897 355 952 tissuma.
396 894 520 951 Telamo
542 903 640 950 autem
662 911 721 963 uno
742 910 825 951 versu
847 893 947 950 locum
968 902 1062 952 totum
1084 895 1212 965 conficit,
1227 912 1310 962 cur,

227 989 258 1048 di
272 977 407 1048 homines
421 989 593 1064 neglegant:

268 1136 357 1194 Nam
378 1135 407 1193 si
429 1144 572 1207 curent,
594 1133 816 1196 benebonis
838 1135 900 1207 sit,
922 1136 1013 1194 male
1035 1135 1158 1209 malis;

883 1231 982 1307 quod
1003 1235 1099 1290 ndnc
1120 1233 1238 1292 abest.

227 1378 384 1437 Debebant
407 1379 446 1437 illi
470 1378 591 1454 quidem
619 1378 715 1437 omnis
744 1378 839 1437 bonos
867 1377 993 1450 efficere,
1015 1378 1160 1454 siquidem
1185 1379 1278 1437 homi-

187 1487 297 1534 fflnum
321 1476 421 1551 generi
449 1475 650 1534 consulebant.
692 1475 741 1534 Sin
767 1474 797 1532 id
822 1475 927 1546 minus,
945 1475 1031 1534 bonis
1056 1474 1177 1551 quidem
1200 1487 1317 1534 certem

226 1573 378 1631 consulere
400 1571 557 1630 debebant.
600 1572 661 1630 Cur
681 1571 765 1647 igitur
789 1570 850 1629 duo
876 1572 1037 1647 Scipiones,
1058 1572 1229 1631 fortissimos
1250 1583 1279 1632 et

226 1670 354 1744 optimos
378 1669 462 1740 viros,
488 1669 517 1727 iu
545 1668 690 1744 Hispania
717 1670 834 1726 Poenus
859 1669 1024 1744 oppressit?
1054 1687 1107 1726 cur
1133 1670 1279 1727 Maximus

226 1766 328 1824 extulit
341 1767 431 1824 filium
451 1766 656 1825 consularem?
676 1784 728 1823 cur
749 1765 922 1823 Marcellum
946 1765 1095 1824 Hannibal
1114 1766 1280 1825 interemit?

227 1881 278 1921 cur
307 1864 428 1920 Paulum
456 1862 577 1921 Cannae
608 1862 804 1921 sustulerunt?
838 1880 890 1920 cur
923 1864 1088 1921 Poenorum
1117 1862 1279 1921 crudelitati

227 1960 333 2036 Reguli
347 1979 454 2036 corpus
468 1970 512 2019 est
528 1961 713 2037 praebitum?
734 1977 786 2017 cur
800 1961 968 2019 Africanum
985 1961 1139 2019 domestici
1154 1962 1279 2038 parietes
1293 1989 1317 2028 ις

226 2076 287 2116 non
311 2060 467 2117 texerunt?
506 2057 564 2117 Sed
589 2058 663 2117 baec
686 2069 784 2117 vetera
809 2068 838 2116 et
865 2058 922 2117 alia
949 2059 1091 2134 permulta
1102 2080 1111 2132 ;
1142 2059 1280 2135 propiora

226 2154 387 2213 videamus.
429 2155 490 2214 Cur
510 2153 669 2212 avunculus
691 2172 783 2225 meus,
797 2155 840 2212 vir
861 2155 1126 2214 innocentissumus
1140 2155 1279 2232 idemque
1343 2199 1347 2209 .

227 2249 433 2322 doctissumus,
450 2252 482 2309 P.
497 2252 631 2323 Rutilius,
643 2250 674 2308 iu
695 2251 781 2309 exilio
804 2253 868 2310 est?
888 2270 941 2310 cur
961 2251 1069 2310 sodalis
1089 2270 1172 2311 meus
1193 2254 1280 2311 inter·

227 2347 320 2417 lectus
347 2346 429 2405 domi
457 2365 535 2419 suae,
565 2348 698 2405 Drusus?
732 2366 784 2405 cur
811 2349 1021 2423 temperantiae
1048 2349 1279 2425 prudentiaeque

193 2502 194 2505 ,
227 2444 378 2519 specimen
403 2454 471 2502 ante
499 2443 685 2502 simulacrum
708 2444 815 2502 Vestae
844 2446 976 2520 pontifex
1004 2446 1147 2505 maximus
1173 2458 1217 2504 est
1241 2447 1279 2520 Q.
1293 2473 1319 2501 ω

227 2541 367 2599 Scaevola
390 2540 572 2598 trucidatus?
601 2558 653 2597 cur
679 2550 747 2598 ante
774 2543 861 2599 etiam
885 2552 928 2600 tot
954 2543 1076 2600 civitatis
1102 2544 1280 2619 principesa

227 2638 323 2696 Cinna
343 2637 529 2712 interempti?
550 2656 602 2694 cur
622 2638 754 2695 omnium
775 2638 1039 2713 perfidiosissimus
1056 2641 1090 2698 C.
1107 2641 1225 2711 Marius,
1241 2641 1279 2714 Q.

227 2734 372 2806 Catulum,
387 2735 643 2809 praestantissuma
663 2733 804 2809 dignitate
826 2736 927 2807 virum,
949 2737 1022 2793 mori
1043 2737 1139 2811 potuit
1160 2736 1282 2795 iubere?

188 2839 212 2879 81
227 2830 299 2888 Dies
321 2829 447 2901 deficiat,
469 2830 493 2887 si
513 2831 601 2888 velim
622 2848 783 2901 numerare,
806 2832 911 2906 quibus
939 2832 1024 2890 bonis
1046 2833 1121 2890 male
1143 2833 1279 2903 evenerit,

226 2944 283 2982 nec
310 2927 415 2996 minus,
437 2925 460 2983 si
488 2944 729 2996 commemorem,
754 2926 860 3001 quibus
885 2927 1025 3002 improbis
1050 2928 1171 3003 optime.
1221 2929 1282 2988 Cur
1294 2954 1318 2992 πε

227 3023 306 3080 enim
321 3023 430 3081 Marius
444 3032 504 3080 tam
518 3021 640 3080 feliciter
653 3022 810 3098 septimum
833 3023 935 3081 consul
954 3024 1036 3083 domi
1049 3043 1119 3083 suae
1133 3042 1224 3084 senex
1237 3006 1288 3083 est⁸

226 3121 379 3179 mortuus?
399 3137 451 3178 cur
471 3119 602 3178 onmium
624 3119 841 3179 crudelissimus
863 3129 922 3178 tam
945 3121 995 3181 diu
1017 3122 1112 3181 Cinna
1132 3123 1282 3199 regnavit?

184 3219 268 3278 auat
291 3215 374 3276 dedit
398 3235 519 3294 poenas.
562 3216 711 3277 Prohiberi
739 3219 842 3278 melius
868 3219 920 3277 suit
934 3219 1151 3297 vimpedirique,
1175 3240 1214 3281 ne
1238 3231 1281 3281 tot

228 3333 358 3373 summos
371 3315 447 3374 viros
469 3315 652 3386 interficeret,
667 3333 755 3390 quam
777 3317 874 3392 ipsum
896 3317 1054 3392 aliquando
1073 3336 1186 3393 poenas
1200 3319 1280 3379 dare.

227 3413 349 3471 Summo
371 3415 500 3471 cruciatu
529 3413 731 3489 supplicioque
754 3415 792 3488 Q.
813 3415 925 3485 Varius,
950 3415 1040 3473 homo
1061 3415 1280 3491 importunissu-
1295 3447 1320 3486 30

227 3529 303 3579 mus,
320 3511 424 3585 periit;
445 3510 478 3582 si,
495 3511 563 3585 quia
578 3512 706 3569 Drusum
720 3512 804 3585 ferro,
821 3512 974 3571 Metellum
988 3531 1105 3572 veneno
1120 3515 1280 3586 sustulerat,

227 3607 290 3664 illos
305 3594 470 3665 conservari
491 3608 595 3666 melius
616 3608 669 3665 suit
690 3626 777 3682 quam
799 3627 909 3684 poenas
930 3610 1047 3668 sceleris
1068 3612 1188 3669 Varium
1209 3630 1281 3687 pen-

227 3703 306 3760 dere.
350 3701 652 3778 Duodequadraginta
674 3721 768 3761 annos
794 3705 952 3779 Dionysius
973 3715 1111 3779 tyrannus
1134 3708 1186 3764 fuit
1208 3694 1280 3781 opu-

188 3816 213 3855 er
226 3797 413 3855 lentissumae
435 3808 465 3855 et
486 3797 680 3855 beatissumae
701 3797 824 3856 civitatis
834 3818 843 3871 3
872 3815 961 3875 quam
983 3800 1090 3858 multos
1112 3812 1179 3859 ante
1201 3802 1281 3859 hunc
