2932 4364
565 378 672 431 LIB.'1.
704 379 766 430 Car.
776 380 824 442 xl,
835 380 898 431 XII.
931 381 962 446 §5
975 392 1063 448 25-30·
1295 384 1335 447 41

292 529 435 607 thagoras‚
450 529 500 606 qui
520 531 634 590 censuit
654 531 785 590 animum
804 549 867 590 esse
886 550 940 607 per
956 541 1088 590 naturam
1105 550 1201 592 rerum
1219 550 1339 592 ornnem

292 625 437 684 intentum
451 635 482 683 et
494 635 721 698 commeantem,
737 644 774 684 ex
787 644 847 701 quo
861 626 951 685 nostri
965 627 1054 685 animi
1069 636 1263 704 carperentur,
1277 647 1339 688 non
1391 663 1396 679 ·

292 719 364 779 vidit
387 721 574 781 distractione
602 721 797 781 humanorum
823 722 987 781 animorum
1006 722 1138 799 'discerpi
1165 734 1195 783 et
1221 723 1340 786 lacerari

293 815 382 875 deum
399 825 437 888 et,
452 835 521 875 cum
539 817 637 876 miseri
654 817 744 875 animi
763 827 869 890 essent,
884 817 966 893 quod
985 819 1129 894 plerisque
1149 821 1339 897 contingeret,

261 901 354 969 stum
375 910 425 970 dei
448 920 560 987 partem
588 930 653 971 esse
680 914 815 971 miseram
826 933 835 986 3
856 913 938 988 quod
961 914 1025 972 fieri
1048 932 1109 973 non
1133 926 1238 992 potest.
1280 917 1378 978 Curru

292 1015 390 1064 autem
403 1006 561 1081 quicquam
582 1008 727 1083 ignoraret
746 1008 860 1066 animus
881 1009 1016 1081 hominis,
1032 1010 1055 1068 si
1076 1018 1153 1069 esset
1166 1011 1261 1070 deus?
1279 1029 1338 1087 quo

291 1100 383 1160 modo
407 1119 493 1176 porro
514 1101 588 1161 deus
612 1104 675 1175 iste,
697 1103 721 1161 si
744 1102 816 1161 nihil
840 1113 917 1161 esset
940 1105 995 1162 nisi
1019 1105 1142 1179 animus,
1162 1116 1212 1164 aut
1235 1106 1339 1166 infixus

292 1206 343 1255 aut
365 1196 475 1254 inlusus
499 1207 576 1256 esset
599 1197 630 1255 in
654 1197 810 1264 mundo?l
827 1200 905 1257 Tum
932 1201 1141 1276 Xenophanes,
1163 1201 1213 1275 qui
1240 1211 1339 1260 mente

291 1265 431 1349 adiuncta
452 1308 542 1349 omne
566 1299 725 1367 praeterea,
747 1291 829 1367 quod
857 1301 934 1352 esset
961 1294 1115 1366 infinitum,
1136 1292 1226 1352 deum
1249 1295 1340 1353 voluit

255 1405 280 1435 ιο
292 1402 365 1458 esse,
380 1384 447 1444 de
438 1404 502 1462 ipsa
521 1396 621 1444 mente
642 1387 713 1445 item
733 1387 965 1463 reprehenditur,
981 1396 1012 1446 ut
1029 1388 1128 1466 ceteri,
1142 1386 1180 1447 de
1197 1388 1338 1448 infinitate

292 1489 390 1539 autern
402 1481 613 1554 vehementius,
628 1482 659 1540 in
673 1500 732 1558 qua
744 1483 816 1542 nihil
830 1502 927 1560 neque
941 1484 1069 1543 sentiens
1084 1501 1182 1559 neque
1198 1484 1338 1543 coniunc-

291 1586 353 1636 tum
380 1585 478 1654 potest
505 1596 578 1638 esse.
631 1580 711 1638 Nam
739 1578 928 1640 Parmenides
952 1578 1071 1656 quidem
1099 1577 1340 1640 commenticium

291 1673 433 1760 quiddam
454 1693 580 1735 coronae
601 1676 694 1736 simile
716 1675 806 1736 efficit
827 1676 986 1756 (στεφάιην
1006 1675 1148 1754 appellat)
1169 1677 1339 1738 continente

291 1771 394 1840 ardore
407 1772 483 1868 lucis
495 1774 606 1848 orbem,
621 1775 673 1850 qui
687 1774 784 1851 cingat
797 1774 921 1847 caelum,
936 1791 1025 1850 quem
1038 1776 1165 1851 appellat
1178 1773 1288 1849 deum;
1309 1775 1339 1834 in

256 1890 280 1930 ιι
292 1887 351 1945 quo
372 1888 469 1946 neque
490 1871 612 1948 figuram
627 1872 756 1931 divinam
776 1889 873 1945 neque
894 1888 1014 1930 sensum
1026 1871 1181 1947 quisquam
1201 1872 1341 1948 suspicari

292 1976 407 2041 potest3
429 1968 578 2043 multaque
599 1967 733 2026 eiusdem
758 1968 839 2025 modi
861 1975 999 2037 monstra,
1021 1967 1131 2041 quippe
1152 1969 1202 2043 qui
1222 1969 1339 2040 bellum,

292 2060 343 2135 qui
356 2059 541 2134 discordiam,
555 2062 606 2137 qui
627 2060 818 2136 cupiditatem
840 2069 995 2134 ceteraque
1016 2062 1130 2136 generis
1151 2061 1283 2121 eiusdem
1301 2063 1340 2122 ad

292 2153 532 2228 deumrevocet,
557 2174 633 2231 quae
657 2141 712 2214 vel
728 2155 832 2215 morbo
856 2155 903 2214 vel
926 2173 1032 2214 somno
1056 2156 1102 2215 vel
1125 2156 1270 2216 oblivione
1293 2159 1339 2216 vel

291 2260 436 2311 vetustate
448 2250 601 2326 delentur;
622 2251 788 2327 eademque
803 2250 841 2310 de
856 2249 1008 2324 sideribus,
1023 2270 1099 2327 quae
1117 2252 1293 2328 reprehensa
1311 2253 1341 2311 in

254 2348 349 2407 ”alio
375 2348 434 2407 iam
460 2348 490 2407 in
518 2347 576 2406 hoc
603 2349 783 2407 omittantur.
802 2368 814 2403 t
825 2348 1026 2428 Empedocles
1049 2357 1148 2406 autem
1171 2349 1262 2407 multa
1284 2330 1383 2438 ahai}

276 2461 420 2521 ,peccans
447 2445 478 2503 in
505 2443 629 2503 deorum
656 2445 797 2521 opinione
825 2438 1000 2519 turpissume
1028 2444 1140 2503 labitur.
1196 2445 1342 2518 Quattuor
1376 2463 1380 2471 ·

292 2540 372 2598 enim
391 2549 516 2611 naturas,
537 2540 700 2615 exquibus
724 2540 826 2598 omnia
848 2549 982 2599 constare
1007 2550 1118 2611 censet,
1140 2539 1253 2599 divinas
1277 2558 1340 2599 esse

291 2635 371 2707 vuit;
391 2653 463 2711 quas
483 2645 513 2693 et
533 2636 614 2694 nasci
634 2644 664 2694 et
685 2635 815 2720 extingui
835 2636 1022 2711 perspicuum
1041 2645 1086 2694 est
1105 2645 1135 2693 et
1153 2654 1240 2694 sensu
1259 2637 1341 2694 omni

292 2746 399 2788 carere.
441 2728 508 2788 Nec
528 2748 597 2788 vero
619 2732 800 2805 Protagoras,
817 2730 868 2805 qui
889 2747 953 2788 sese
974 2738 1063 2804 negat
1083 2730 1204 2788 omnino
1221 2729 1259 2788 de
1276 2729 1340 2788 deis

215 2827 279 2910 ,ivr
291 2823 399 2883 habere
423 2823 504 2900 quod
531 2824 649 2900 liqueat,
674 2824 740 2897 sint,
764 2843 826 2883 non
850 2825 908 2883 sint
931 2824 1067 2899 qualesve
1091 2824 1157 2895 sint,
1181 2825 1341 2899 quicquam

182 2921 185 2929 '
215 2943 219 2952 ·
290 2916 406 2976 videtur
423 2917 462 2977 de
483 2927 585 2977 natura
600 2919 724 2978 deorum
745 2919 894 2994 suspicari.
936 2917 1039 2992 Quid?
1080 2919 1276 2989 Democritus,
1290 2920 1341 2993 qui

291 3021 355 3073 turu
375 3014 515 3090 imagines
536 3033 695 3090 earumque
716 3013 884 3073 circumitus
905 3013 936 3071 in
957 3012 1080 3072 deorum
1101 3031 1224 3071 numero
1244 3014 1392 3090 refertior

247 3106 250 3113 ’
292 3118 355 3169 tum
368 3109 447 3169 illam
461 3118 602 3183 naturam,
616 3128 692 3186 quae
713 3109 854 3185 imagines
876 3108 977 3168 fundat
997 3127 1033 3167 ac
1051 3108 1155 3180 mittat,
1170 3109 1340 3168 tum-scien·

291 3205 362 3265 tiam
378 3206 664 3283 intellegentiamque
681 3204 820 3290 nostram,
834 3223 934 3265 nonne
949 3205 980 3264 in
995 3204 1122 3263 maximo
1137 3222 1233 3264 errore
1247 3192 1342 3264 dersa-

255 3305 358 3364 ntur?
378 3323 447 3363 cum
467 3303 548 3363 idem
568 3303 699 3376 omnin0,
720 3303 790 3378 quia
809 3302 882 3361 nihil
902 3320 1019 3379 semper
1039 3319 1094 3361 suo
1116 3310 1192 3361 statu
1216 3312 1341 3376 maneat,

228 3445 232 3455 .
292 3409 381 3476 neget
404 3419 468 3460 esse
493 3401 652 3477 quicquam
675 3399 896 3476 sempiternum,
917 3417 1017 3459 nonne
1039 3399 1130 3458 deum
1154 3399 1276 3457 omnino
1303 3399 1344 3456 ita

272 3539 275 3547 .
293 3496 374 3569 tollit,
396 3504 429 3556 ut
448 3496 558 3555 nullam
578 3496 748 3572 opinionem
769 3495 831 3554 eius
852 3495 993 3575 reliquam
1015 3496 1122 3554 iaciat?
1163 3494 1265 3569 Quid?
1284 3495 1342 3567 aer,

292 3611 353 3669 quo
381 3593 531 3669 Diogenes
558 3581 757 3667 Apolloniates
781 3590 870 3650 utitur
890 3589 958 3662 deo,
980 3610 1069 3667 quem
1093 3610 1211 3653 sensum
1236 3591 1342 3651 habere

293 3699 390 3766 potest
414 3700 465 3749 aut
485 3708 574 3765 quam
597 3690 721 3747 sormam
742 3688 813 3747 dei?
854 3688 917 3745 Iam
939 3687 977 3746 de
999 3688 1127 3747 Platonis
1148 3688 1381 3747 inconstantiam

256 3803 281 3845 tr
292 3786 413 3864 longum
427 3795 472 3847 est
486 3787 595 3859 dicere,
610 3786 661 3862 qui
674 3786 705 3845 in
717 3784 841 3844 Timaeo
855 3793 970 3860 patrem
983 3783 1069 3845 huius
1082 3784 1186 3843 mundi
1199 3787 1344 3846 nominari
