2932 4364
410 375 476 424 rm.
488 375 539 425 111.
572 375 633 426 cm.
651 375 919 426 xxxv-xxxvru.
953 377 983 441 §5
996 375 1085 443 8550.
1211 361 1268 441 ¹65

224 526 323 598 nisset,
346 527 439 586 Musis
462 528 569 587 bovem
594 528 760 587 immolasse
781 528 906 603 dicitur3
934 528 987 588 sed
1012 528 1043 589 id
1066 528 1187 605 quidem
1211 548 1272 588 non

224 621 324 694 credo,
346 622 485 697 quoniam
514 622 560 681 ille
589 640 627 681 ne
652 624 779 699 Apollini
803 623 924 699 quidem
953 625 1039 684 Delio
1066 625 1191 684 hostiam
1218 626 1271 683 im·

224 717 333 776 molare
347 719 446 790 voluit,
461 737 499 778 ne
513 737 592 777 aram
607 720 747 796 sanguine
761 731 935 797 aspergeret.
977 720 1024 780 Ad
1038 739 1100 780 rem
1122 730 1221 780 autem
1242 730 1274 780 ut

224 813 353 887 redeam,
369 814 510 874 iudicium
524 815 582 874 hoc
604 816 736 874 omnium
757 818 923 875 mortalium
943 827 996 890 est,
1011 820 1156 877 fortunam
1176 837 1195 876 a
1215 817 1274 878 deo

194 935 205 972 s
225 911 394 987 petendam,
406 930 423 970 a
434 929 465 970 se
480 911 544 988 ipso
560 911 735 971 sumendam
749 930 814 972 esse
828 913 1010 989 sapientiam.
1053 911 1192 990 Quamvis
1206 914 1275 974 licet

226 1009 321 1067 Menti
335 1007 456 1069 delubra
470 1018 500 1068 et
514 1009 619 1068 Virtuti
641 1018 671 1068 et
692 1008 777 1069 Fidei
797 1028 1014 1083 consecremus,
1029 1007 1129 1071 tamen
1150 1013 1224 1071 haec
1244 1006 1274 1071 in

225 1105 309 1164 nobis
324 1105 393 1181 ipsis
414 1106 469 1165 sita
489 1104 644 1180 videmus;
665 1107 743 1182 Spei,
758 1107 872 1181 Salutis,
887 1109 970 1184 Opis,
985 1109 1132 1168 Victoriae
1154 1109 1274 1169 facultas

225 1221 244 1260 a
253 1201 299 1260 dis
310 1203 477 1278 expetenda
491 1213 544 1262 est.
588 1204 784 1280 Inprobomm
799 1204 883 1280 igitur
896 1206 1101 1281 prosperitates
1112 1207 1273 1265 secundae·

226 1317 283 1374 que
304 1318 350 1358 res
370 1301 555 1377 redarguunt,
571 1310 602 1358 ut
624 1301 773 1375 Diogenes
788 1301 914 1374 dicebat,
929 1302 987 1361 vim
1008 1321 1129 1361 omnem
1150 1302 1273 1362 deorum

189 1419 213 1447 ιο
225 1414 260 1453 ac
281 1405 466 1470 potestatem.
508 1398 547 1455 At
567 1415 628 1456 non
648 1415 808 1472 numquam
830 1398 924 1456 bonos
945 1398 1037 1457 exitus
1059 1398 1169 1458 habent
1192 1373 1316 1479 bonissg

226 1493 287 1550 Eos
301 1491 421 1568 quidem
435 1492 586 1568 arripimus
608 1493 847 1569 attribuimusque
869 1494 931 1553 sine
953 1495 1011 1552 ulla
1030 1496 1142 1553 ratione
1164 1494 1209 1554 dis
1230 1496 1274 1553 in·

226 1589 403 1649 mortalibus.
445 1592 483 1650 At
498 1589 639 1667 Diagoras
653 1610 722 1649 cum
738 1591 956 1651 Samothracam
977 1593 1113 1665 venisset,
1127 1591 1206 1654 ἄθεος
1227 1592 1274 1651 ille

226 1688 277 1762 qui
297 1686 411 1762 dicitur,
432 1698 520 1764 atque
542 1687 570 1748 ei
590 1687 709 1764 quidam
731 1688 842 1748 amicus
864 1690 946 1762 ‘Tu,
967 1690 1028 1765 qui
1054 1688 1143 1748 deos
1167 1699 1274 1766 putas

227 1784 382 1843 humana
422 1785 633 1862 neglegere,
672 1804 792 1845 nonne
833 1786 1097 1846 animadvertis
1139 1805 1182 1845 ex
1221 1797 1275 1847 tot

190 1881 362 1948 rstabulis
389 1883 510 1958 pictis,
539 1902 644 1958 quam
672 1882 777 1941 multi
807 1883 902 1942 votis
937 1884 1008 1943 vim
1041 1885 1275 1959 tempestatis

226 1972 427 2047 effugerint
454 1973 490 2031 in
517 1982 736 2048 portumque
764 1973 855 2031 salvi
888 1974 1175 2049 pervenerintl’,
1204 1975 1277 2035 ‘Ita

227 2068 299 2139 fit',
321 2062 434 2143 inquit;
463 2068 536 2126 ‘illi
556 2068 651 2126 enim
672 2087 849 2144 nusquam
870 2069 963 2144 picti
984 2078 1083 2141 sunt,
1104 2067 1168 2144 qui
1188 2088 1276 2128 nau·

227 2164 342 2238 fragia
362 2164 531 2237 fec-erunt
552 2163 582 2222 in
604 2164 765 2240 marique
787 2164 994 2240 perierunt!
1037 2163 1191 2241 Idemque,
1207 2184 1275 2223 cum

227 2260 255 2319 ei
279 2261 425 2337 naviganti
447 2271 580 2320 vectores
608 2259 730 2319 adversa
755 2271 929 2336 tempestate
957 2260 1052 2320 timidi
1079 2270 1109 2320 et
1136 2261 1277 2338 perterriti

189 2358 360 2418 adicerent
383 2378 443 2418 non
468 2358 572 2418 iniuria
592 2359 646 2418 sibi
668 2358 739 2420 illud
759 2358 905 2432 accidere,
928 2358 978 2437 qui
999 2358 1129 2418 illumin
1151 2358 1277 2418 eandem

227 2474 332 2514 navem
356 2456 544 2531 recepissent,
566 2454 695 2515 ostendit
719 2456 760 2514 eis
784 2455 815 2514 in
839 2455 945 2515 eodem
970 2475 1055 2515 cursu
1079 2456 1184 2515 multas
1208 2456 1277 2515 alias

226 2552 383 2612 laborantis
398 2552 606 2628 quaesivitque,
621 2570 693 2610 num
708 2553 796 2610 etiam
810 2553 839 2612 in
853 2552 888 2612 iis
901 2554 1023 2612 navibus
1039 2552 1196 2628 Diagoram
1209 2552 1277 2611 vehi

227 2648 391 2708 crederent.
432 2649 479 2708 Sic
494 2648 573 2708 enim
587 2667 633 2707 res
647 2667 679 2707 se
693 2647 790 2719 habet,
805 2659 837 2707 ut
849 2648 889 2706 ad
902 2666 1073 2724 prosperam
1089 2647 1277 2707 adversamve

227 2745 382 2816 fortunam,
397 2744 488 2819 qualis
508 2745 547 2802 sis
568 2754 618 2802 aut
631 2762 721 2819 quem
741 2743 780 2803 ad
801 2743 922 2802 modum
939 2744 1051 2815 vixeris,
1067 2743 1137 2802 nihil
1157 2744 1277 2803 intersit.

190 2867 215 2906 ος
229 2842 298 2899 Non
320 2840 560 2912 animadvertunt,
575 2841 677 2915 iuquit,
692 2832 792 2899 omnia
810 2840 850 2912 di,
865 2858 903 2898 ne
923 2858 1006 2916 reges
1025 2838 1154 2914 quidem.
1197 2837 1316 2912 Quiduo

228 2946 273 2995 est
286 2936 402 2994 simile?
435 2938 534 3011 Reges
548 2936 627 2994 enim
641 2937 665 2994 si
680 2936 805 2994 scientes
819 2935 1060 3011 praetermittunt,
1072 2953 1178 3010 magna
1191 2935 1279 3010 culpa

228 3042 293 3105 est3
314 3040 344 3090 at
364 3031 423 3091 deo
446 3051 484 3090 ne
506 3032 655 3091 excusatio
676 3030 797 3107 quidem
818 3041 863 3090 est
886 3023 1064 3090 inscientiae.
1106 3030 1206 3105 Quem
1225 3037 1322 3092 vostlss

228 3128 375 3204 praeclare
403 3128 569 3200 defenditis,
594 3146 662 3187 cum
691 3127 786 3186 dicitis
815 3144 881 3185 eam
905 3127 964 3185 vim
988 3124 1111 3185 deorum
1138 3143 1213 3198 esse,
1237 3135 1278 3198 ut,

229 3225 342 3284 etiamsi
366 3225 431 3301 quis
458 3235 551 3284 morte
579 3242 690 3301 poenas
718 3223 834 3282 sceleris
862 3223 1002 3298 effugerit,
1027 3229 1200 3297 expetantur
1226 3239 1279 3281 eae

192 3352 217 3390 ,ο
229 3340 345 3399 poenae
360 3342 377 3381 a
391 3323 496 3395 liberis,
511 3341 529 3380 a
542 3322 708 3397 nepotibus,
723 3339 741 3378 a
756 3317 889 3396 posteris.
931 3321 960 3380 0
982 3319 1084 3378 miram
1104 3318 1281 3394 aequitatem

230 3418 373 3478 deoruml
416 3421 554 3478 Ferretne
577 3418 678 3477 civitas
705 3415 764 3476 ulla
790 3417 910 3475 latorem
937 3416 1017 3475 istius
1041 3414 1124 3474 modi
1147 3414 1227 3490 legis,
1248 3424 1281 3474 ut

230 3514 475 3573 condemnaretur
489 3514 563 3571 filins
577 3523 627 3572 aut
641 3531 744 3588 nepos,
758 3512 783 3570 si
797 3522 880 3587 pater
893 3521 942 3570 aut
956 3530 1027 3570 avus
1041 3510 1231 3586 deliquisset?

312 3627 468 3702 Quinftm
489 3623 767 3683 Tantalidarum
788 3623 1041 3682 internecioni
1062 3621 1190 3680 modus

312 3723 488 3781 Paretur?
507 3730 569 3779 aut
588 3738 768 3798 quaenam
788 3722 955 3795 umquam
977 3718 1022 3777 ob
1043 3727 1197 3776 mortem

193 3832 217 3870 rs
980 3811 1121 3890 Myrtili
