2932 4364
516 327 581 390 niu.
596 340 631 390 11.
664 340 725 390 cn.
739 341 789 401 111,
803 342 848 392 ιν.
882 340 997 406 stou.
1239 332 1277 393 81

224 492 355 570 imperiis
370 512 432 552 rem
447 492 594 569 publicam
608 492 824 568 amplificatam,
838 493 889 567 qui
903 494 1088 570 religionibus
1108 496 1280 571 paruissent.

229 591 268 647 Et
287 589 312 647 si
333 589 463 646 conferre
484 587 617 645 volumus
638 596 736 644 nostra
757 606 825 646 cum
847 589 981 660 externis,
1001 591 1104 649 ceteris
1124 591 1211 650 rebus
1232 600 1282 650 aut

227 703 311 760 pares
333 694 383 742 aut
411 684 498 741 etiam
522 683 670 740 inferiores
698 684 884 758 reperiemur,
909 684 1056 759 religione,
1082 685 1113 744 id
1136 677 1186 745 est
1201 687 1280 746 cultu

228 781 359 851 deorum,
385 779 478 837 multo
501 778 673 853 superiores,
716 780 762 837 An
785 778 845 837 Atti
871 780 957 838 Navii
977 781 1063 839 lituus
1084 781 1140 853 ille,
1162 800 1222 858 quo
1242 781 1282 842 ad
1300 804 1314 844 s

196 895 208 934 r
228 875 459 950 investigandum
478 893 561 932 suem
582 875 716 949 regiones
734 875 838 933 vineae
849 876 1029 948 terminavit,
1047 879 1281 938 contemnendus

227 973 292 1032 est?
332 970 502 1042 Crederem,
522 970 577 1028 nisi
598 971 660 1028 eius
681 971 802 1046 augurio
822 989 875 1030 rex
895 972 1038 1031 Hostilius
1061 975 1187 1032 maxima
1203 975 1283 1034 bella

227 1069 371 1145 gessisset.
401 1065 405 1096 ³
413 1066 471 1128 Sed
493 1067 677 1143 neglegentia
694 1068 851 1127 nobilitatis
870 1069 981 1144 augurii
1001 1068 1156 1147 disciplina
1175 1072 1283 1130 omissa

226 1168 329 1227 veritas
348 1165 543 1242 auspiciorum
561 1176 658 1241 spreta
676 1175 729 1237 est,
747 1167 861 1242 species
879 1175 993 1225 tantum
1014 1176 1135 1228 retenta.
1177 1170 1282 1244 Itaque

227 1265 370 1322 maximae
390 1263 432 1322 rei
452 1263 587 1339 publicae
609 1272 713 1338 partes,
735 1263 766 1322 in
787 1264 831 1341 his
852 1263 936 1337 bella,
958 1264 1063 1340 quibus
1082 1265 1125 1324 rei
1145 1266 1311 1341 publicaen

190 1383 215 1411 ιο
224 1362 302 1420 salus
321 1361 495 1432 continetur,
514 1360 599 1418 nullis
615 1361 752 1436 auspiciis
771 1361 1015 1433 administrantur,
1032 1360 1111 1421 nulla
1130 1363 1282 1440 peremnia

226 1455 382 1529 servantur,
397 1457 476 1516 nulla
490 1475 526 1515 ex
539 1457 730 1529 acuminibus,
745 1457 832 1530 nulla,
847 1475 912 1516 cum
925 1457 978 1516 viri
991 1467 1140 1530 vocantur,
1162 1463 1203 1518 err
1213 1478 1280 1536 ‚quo

226 1553 257 1613 in
284 1547 436 1630 procinctu
449 1623 451 1628 ,
464 1541 639 1613 testamenta
667 1555 824 1631 perierunt.
850 1555 942 1614 ⁴Tum
969 1555 1058 1614 enim.
1076 1553 1153 1614 bella
1178 1574 1279 1633 gerere

226 1652 316 1711 nostri
330 1650 421 1711 duces
435 1652 586 1728 incipiunt,
601 1670 670 1711 cum
691 1652 821 1727 auspicia
840 1661 1010 1728 posuerunt.
1051 1655 1090 1712 At
1108 1670 1178 1712 vero
1199 1652 1279 1730 apud
1292 1663 1317 1705 1⁰

224 1740 351 1808 ¹maiores
364 1758 444 1807 tanta
457 1749 602 1824 religionis
617 1749 660 1808 vis
674 1749 736 1820 suit,
751 1756 783 1807 ut
796 1747 916 1824 quidam
930 1748 1119 1824 imperatores
1138 1751 1227 1808 etiam
1247 1769 1279 1810 se

190 1869 214 1909 ις
227 1846 306 1920 ipsos
321 1845 366 1903 dis
380 1845 579 1903 inmortalibus
594 1845 691 1921 capite
705 1845 801 1903 velato
815 1844 909 1903 verbis
930 1845 1016 1903 certis
1037 1862 1090 1921 pro
1111 1863 1142 1904 re
1163 1845 1281 1922 publica

227 1941 413 2016 devoverent.
455 1940 550 1998 Multa
585 1958 622 1997 ex
654 1940 797 2014 Sibyllinis
827 1940 1087 2012 vaticinationibus,
1122 1942 1212 1999 multa
1243 1960 1281 2000 ex

228 2034 414 2109 haruspicum
438 2036 584 2110 responsis
609 2053 839 2117 commemorare
864 2052 995 2110 possum,
1020 2036 1126 2110 quibus
1150 2053 1185 2094 ea
1210 2055 1280 2095 con·

226 2131 385 2202 firmentur,
400 2148 476 2204 quae
490 2128 580 2188 dubia
594 2131 704 2188 nemini
718 2129 828 2187 debent
842 2147 917 2188 esse.
957 2130 1047 2204 Atqui
1065 2139 1095 2188 et
1115 2142 1279 2189 nostrorum
1296 2137 1316 2193 4

226 2245 368 2303 augurum
382 2236 412 2285 et
427 2228 617 2286 Etruscorum
632 2226 818 2302 haruspicum
833 2225 1017 2302 disciplinam
1039 2227 1071 2284 P.
1093 2226 1229 2301 Scipione
1244 2227 1280 2287 C.

189 2351 215 2381 ω
228 2324 331 2400 Figulo
353 2324 521 2384 consulibus
543 2343 588 2382 res
611 2324 675 2400 ipsa
698 2323 849 2399 probavit3
871 2340 945 2407 quos
967 2340 1037 2381 cum
1058 2321 1104 2380 Ti.
1129 2322 1280 2383 Gracchus

203 2499 206 2506 Ι
221 2421 328 2480 consul
343 2420 447 2481 iterum
461 2431 581 2494 crearet,
596 2420 707 2497 primus
721 2430 845 2495 rogator,
860 2429 892 2477 ut
906 2437 958 2478 eos
973 2419 1089 2490 rettulit,
1105 2416 1214 2477 ibidem
1236 2427 1280 2478 est

226 2527 347 2593 repente
361 2528 500 2577 mortuus.
542 2516 693 2576 Gracchus
708 2536 776 2575 cum
791 2515 910 2575 comitia
923 2514 1015 2574 nihilo
1037 2516 1132 2575 minus
1152 2518 1279 2594 peregis-

165 2691 167 2695 7
226 2623 272 2671 set
298 2631 418 2689 remque
446 2614 525 2672 illam
551 2614 582 2671 in
608 2613 777 2688 religionem
806 2612 916 2687 populo
942 2613 1056 2670 venisse
1085 2613 1212 2683 sentiret,
1241 2613 1280 2672 ad

226 2709 363 2767 senatum
380 2709 497 2768 rettulit.
538 2709 669 2780 Senatus,
686 2726 759 2784 quos
773 2706 811 2767 ad
827 2708 941 2780 soleret,
956 2705 1141 2766 referendum
1155 2710 1278 2767 censuit.

189 2829 214 2869 ,ς
228 2805 408 2880 Haruspices
430 2802 587 2863 introducti
610 2803 822 2880 responderunt
847 2822 908 2862 non
936 2804 1022 2862 luisse
1051 2803 1158 2863 iustum
1187 2805 1279 2862 comi-

223 2901 334 2960 tiorum
363 2891 536 2976 rogatorem⁴
596 2902 674 2959 Tum
706 2899 866 2973 Gracchus,
896 2909 929 2958 ut
957 2917 974 2958 e
1002 2909 1084 2976 patre
1112 2899 1278 2973 audiebam,
1293 2920 1317 2963 11

227 2997 363 3057 incensus
391 2996 450 3055 ira:
483 2998 607 3056 ‘Itane
641 2997 760 3055 vero?
793 3014 862 3073 ego
888 3014 967 3055 ,non
998 2995 1132 3067 iustus,
1154 2996 1216 3072 qui
1245 3006 1281 3056 et

222 3093 357 3154 'consul
377 3093 504 3170 rogavi
525 3101 561 3153 et
581 3092 808 3170 auspicato?
835 3087 880 3152 an
906 3112 970 3152 vos
991 3091 1105 3153 Tusci
1134 3110 1175 3151 ac
1204 3093 1279 3153 bar-

227 3191 304 3252 bari
339 3191 590 3276 auspiciorum
623 3191 752 3268 populi
785 3191 941 3250 Romani
975 3190 1031 3250 ius
1067 3190 1206 3250 tenetis
1246 3201 1280 3250 et

190 3288 451 3364 sointerpretes
478 3307 558 3346 esse
586 3289 821 3348 comitiorum
849 3288 1048 3365 potestisr’
1092 3290 1196 3364 Itaque
1218 3298 1280 3348 tum

228 3385 290 3443 illos
305 3385 382 3442 exire
397 3385 486 3443 iussit.
529 3387 598 3442 Post
616 3394 714 3442 autem
734 3402 750 3442 e
770 3384 920 3460 provincia
937 3385 1045 3443 litteras
1066 3384 1105 3444 ad
1126 3385 1280 3460 collegium

227 3479 305 3538 misit
325 3497 366 3550 se,
387 3498 455 3536 cum
476 3479 585 3554 legeret
607 3478 703 3550 libros,
723 3479 909 3537 recordatum
931 3497 995 3539 esse
1017 3481 1088 3538 vitio
1110 3480 1165 3539 sibi
1186 3481 1279 3538 taber-

227 3573 364 3632 naculum
379 3583 497 3648 captum
511 3573 598 3631 luisse
613 3571 729 3650 [hortos
743 3573 915 3652 Scipionis],
927 3573 1018 3650 quod,
1033 3593 1101 3632 curn
1116 3576 1280 3650 pomerium

227 3675 332 3744 postea
344 3669 477 3726 intrasset
491 3667 619 3726 habendi
632 3677 750 3726 senatus
764 3686 861 3739 causa,
876 3669 906 3727 in
927 3667 1089 3740 redeundo,
1111 3688 1180 3727 cum
1201 3666 1280 3727 idem

133 3840 135 3844 y
183 3783 216 3823 ss
229 3763 395 3840 pomerium
408 3762 550 3835 transiret,
564 3762 708 3839 auspicari
722 3771 799 3821 esset
812 3763 937 3837 oblitus,
959 3764 1057 3838 itaque
1077 3764 1146 3822 vitio
1167 3771 1281 3826 creatos

1290 1532 1305 1576 ll
