2932 4364
573 316 639 383 LlB.
653 315 687 363 11.
721 315 865 373 Car.1,11.
899 316 930 379 ἧς
945 326 999 381 1-5·
1270 313 1313 382 79

258 469 383 528 Balbus:
406 469 515 529 Geram
529 469 582 528 tibi
596 487 710 528 morem
727 478 756 526 et
775 487 860 544 agam
881 486 969 544 quam
991 467 1168 527 brevissume
1189 477 1313 546 poter03

259 566 368 625 etenim
390 567 531 624 convictis
554 566 675 641 Epicuri
696 566 838 624 erroribus
860 566 947 641 longa
967 566 1005 624 de
1028 583 1095 624 mea
1115 565 1340 641 disputationet

258 661 389 721 detracta
402 663 494 722 oratio
508 672 561 722 est.
604 663 736 722 Omnino
757 662 891 721 dividunt
905 663 996 721 nostri
1010 671 1101 722 totam
1116 662 1200 720 istam
1215 661 1253 721 de
1268 661 1313 722 dis

258 759 457 820 inmortalibus
478 761 681 836 quaestionem
702 761 732 819 in
753 760 842 836 partis
863 770 1008 837 quattuor.
1052 760 1181 818 Primum
1204 755 1324 819 docent

227 877 239 914 s
258 874 322 915 esse
337 856 419 929 deos,
434 856 543 916 deinde
558 858 659 933 quales
673 859 739 928 sint,
755 867 816 917 tum
834 857 977 916 mundum
999 858 1075 917 ab'
1058 877 1092 916 ns
1113 857 1313 930 administrari,

257 964 407 1048 postremo
443 954 595 1012 consulere
632 972 683 1012 eos
718 954 804 1013 rebus
835 952 978 1013 humanis
1030 956 1094 1014 Nos
1122 965 1221 1013 autem
1256 955 1314 1012 hoc

258 1041 402 1121 sermone,
418 1067 493 1125 quae
508 1050 605 1126 priora
620 1050 681 1110 duo
695 1060 771 1121 sunt,
791 1069 958 1123 sumamus3
971 1051 1098 1110 tertium
1119 1061 1149 1109 et
1169 1052 1313 1133 quartum,

253 1146 328 1221 quia
347 1147 458 1205 maiora
477 1156 554 1218 sunt,
576 1156 648 1223 puto
669 1165 732 1206 esse
747 1147 777 1205 in
791 1147 870 1205 aliud
883 1156 1001 1223 tempus
1014 1148 1184 1207 differenda.
1227 1147 1314 1206 Mini-

258 1259 306 1299 me
331 1260 409 1314 vero,
434 1243 529 1319 inquit
552 1245 660 1316 Cotta,-
682 1263 749 1301 nam
772 1254 802 1302 et
824 1240 909 1302 otiosi
931 1263 1032 1302 sumus
1056 1254 1086 1304 et
1108 1245 1142 1304 iis
1164 1243 1203 1304 de
1227 1244 1330 1303 rebus.

222 1363 247 1390 ιο
258 1338 379 1425 agimus,
394 1357 470 1414 quae
484 1349 552 1397 sunt
566 1340 654 1397 etiam
669 1341 793 1414 negotiis
807 1337 1044 1415 anteponendae.

298 1435 375 1493 Tum
402 1434 547 1494 Lucilius:
579 1436 627 1517 Ne
649 1452 734 1510 egere
759 1435 879 1510 quidem
903 1434 1027 1508 videtur,
1056 1436 1158 1512 inquit,
1184 1413 1348 1520 oratione2

259 1530 352 1606 prima
382 1549 458 1607 pars.
501 1532 583 1607 Quid
617 1533 697 1591 enim
726 1541 823 1608 potest
853 1550 917 1590 esse
945 1541 1005 1591 tam
1033 1542 1166 1609 apertum
1194 1542 1314 1608 tamque

259 1627 477 1703 perspicuum,
479 1648 548 1687 cum
569 1630 685 1696 caelum
706 1629 888 1705 suspeximus
909 1630 1103 1705 caelestiaque
1124 1629 1314 1705 contemplati
1357 1651 1359 1656 ’

259 1742 368 1796 sumus,
383 1743 472 1800 quam
487 1743 551 1784 esse
565 1726 686 1802 aliquod
700 1744 811 1785 numen
832 1728 1096 1802 praestantissimae
1117 1728 1233 1798 mentis,
1255 1744 1315 1802 quo

222 1843 247 1880 ¹⁵
260 1819 334 1878 haec
354 1823 511 1896 regantur?
552 1822 644 1897 Quod
665 1823 695 1881 ni
717 1822 757 1880 ita
777 1832 863 1894 esset,
877 1823 928 1898 qui
948 1824 1089 1900 potuisset
1110 1822 1237 1882 adsensu
1251 1840 1314 1881 om·
1373 1817 1375 1821 ⁷

260 1917 341 1975 nium
356 1915 454 1975 dicere
471 1918 601 1977 Ennius:

300 2060 435 2134 Aspice
475 2061 545 2119 hoc
584 2062 740 2120 sublime
777 2063 955 2134 candens,
994 2081 1101 2138 quem
1142 2068 1317 2122 invocant

763 2160 766 2170 '
948 2160 1235 2237 omnesIovem,

187 2355 188 2358 ,
215 2365 233 2375 Χ,
260 2301 340 2360 illum
367 2320 437 2361 vero
464 2312 495 2362 et
518 2305 621 2362 Iovem
644 2314 678 2374 ,et
703 2302 919 2363 dominatorem
944 2323 1039 2363 rerum
1066 2314 1096 2363 et
1120 2305 1220 2363 omnia
1244 2314 1317 2363 nutu
1355 2297 1358 2303 ’

223 2406 411 2475 „regentem
426 2408 464 2471 et,
479 2409 511 2458 ut
525 2400 605 2459 idem
621 2401 743 2472 Ennius,

461 2555 601 2620 patrem
629 2545 827 2622 divumque
856 2546 1115 2623 hominumque

260 2697 499 2767 etpraesentem
526 2709 562 2749 ac
590 2701 814 2768 praepotentem
843 2691 954 2751 deum?
995 2690 1085 2767 Quod
1113 2693 1163 2768 qui
1192 2690 1315 2763 dubitet,

216 2846 219 2858 ,
261 2785 340 2846 haud
355 2806 425 2846 sane
441 2788 585 2863 intellego,
600 2806 654 2846 cur
667 2807 727 2847 non
743 2788 832 2860 idem,
847 2789 890 2847 sol
911 2790 948 2847 sit
961 2808 998 2847 an
1013 2789 1108 2847 nullus
1123 2789 1168 2860 sit,
1183 2787 1316 2848 dubitare

261 2885 361 2959 possit.
376 2934 388 2951 .,
403 2885 461 2960 Qui
477 2888 555 2943 enim
570 2896 614 2943 est
628 2885 687 2944 hoc
701 2886 749 2944 illo
765 2885 949 2964 evidentius?
990 2886 1081 2961 Quod
1096 2886 1150 2944 nisi
1165 2887 1349 2962 cognitum'n

223 3002 248 3042 ²⁵
261 2981 556 3057 conprehensumque
581 2982 686 3040 animis
714 2982 897 3054 haberemus,
920 3001 979 3041 non
1005 2992 1064 3040 tam
1085 2982 1194 3040 stabilis
1215 2983 1316 3057 opinio

253 3064 445 3153 ‚permaneret
470 3096 526 3136 nec
551 3080 771 3138 confirmaretur
795 3078 982 3139 diuturnitate
1008 3079 1147 3154 temporis
1174 3096 1231 3136 nec
1258 3096 1317 3136 una

261 3191 330 3231 cum
344 3173 446 3232 saeclis
460 3175 660 3250 aetatibusque
675 3175 828 3234 liominum
842 3176 993 3235 inveterari
1004 3176 1155 3250 potuisset.
1199 3175 1317 3232 Etenim

261 3266 394 3344 videmus
416 3278 528 3328 ceteras
546 3270 705 3345 ,opiniones
727 3271 811 3329 fictas
834 3281 922 3347 atque
946 3289 1035 3328 vanas
1057 3270 1243 3328 diuturnitate
1268 3287 1317 3327 ex-

262 3365 396 3424 tabuisse.
440 3365 514 3439 Quis
542 3367 621 3424 enim
645 3363 922 3442 Hippocentaurum
947 3367 1034 3425 luisse
1050 3377 1109 3424 aut
1131 3363 1316 3425 Chimaeram

225 3485 250 3524 ιο
262 3462 366 3534 putat?
386 3478 498 3536 quaeve
513 3480 585 3519 anus
605 3471 665 3519 tam
686 3480 789 3520 excors
815 3461 934 3520 inveniri
959 3470 1065 3535 potest,
1081 3478 1156 3536 quae
1171 3460 1226 3531 illa,
1241 3479 1316 3534 quae

262 3556 413 3631 quondam
452 3557 646 3640 credebantur
683 3557 763 3633 apud
798 3557 906 3615 inferos
944 3566 1088 3632 portenta,
1127 3557 1318 3615 extimescat?

264 3652 420 3728 Opinionis
434 3654 513 3713 enim
528 3662 696 3712 commenta
710 3653 789 3712 delet
804 3652 876 3725 dies,
892 3662 1010 3711 naturae
1026 3652 1134 3710 iudicia
1154 3653 1317 3711 confirmat.

232 3735 369 3826 ”Itaque
404 3759 433 3808 et
468 3751 497 3809 in
529 3760 628 3810 nostro
659 3740 770 3827 populo
802 3760 833 3809 et
864 3751 893 3809 in
928 3750 1032 3808 ceteris
1066 3748 1189 3810 deorum
1223 3749 1318 3808 cultus
