2932 4364
231 359 290 422 128
554 370 603 419 na
625 369 771 420 unwan
794 369 953 419 pronun.

227 525 332 600 partim
346 524 385 585 ad
399 523 627 595 aedificandum,
637 532 671 582 ut
684 522 769 581 tectis
783 522 875 598 saepti
889 522 994 598 frigora
1007 524 1176 599 caloresque
1191 524 1281 600 pelia-

166 635 302 701 ⁸mamus.
334 624 472 698 ,Magnos
492 640 562 680 vero
583 639 652 680 usus
672 620 767 678 adfert
787 619 826 678 ad
849 621 963 695 navigia
991 620 1134 693 facienda,
1157 630 1281 697 quorum

229 721 360 779 cursibus
374 719 598 795 subpeditantur
611 736 715 777 omnes
729 716 860 792 undique
882 717 920 774 ad
941 718 1030 776 vitam
1051 719 1174 793 copiae;
1196 738 1281 794 quas-

228 834 346 891 queres
362 816 586 892 ¹violentissimas
606 824 709 872 natura
728 814 837 888 genuit,
853 831 951 871 earum
973 814 1207 873 moderationem
1227 834 1282 873 nos

229 913 283 970 soli
297 912 448 984 habemus,
464 912 551 970 maris
565 920 653 986 atque
667 919 830 982 ventorum,
845 919 965 985 propter
984 912 1166 970 nauticarum
1186 929 1281 970 rerum
1301 939 1314 976 ς

229 1010 380 1069 scientiam
408 1009 597 1085 plurimisque
625 1008 776 1067 maritimis
803 1008 890 1065 rebus
918 1008 1038 1066 fruimur
1057 1018 1145 1085 atque
1165 1009 1282 1067 utimur.

228 1109 423 1166 Terrenorum
437 1108 507 1166 item
521 1105 749 1165 commodorum
763 1105 859 1163 omnis
873 1106 961 1163 estin
975 1105 1094 1165 homine
1105 1106 1283 1166 dominatus.

230 1205 294 1264 Nos
316 1205 436 1280 campis,
458 1223 513 1262 nos
534 1204 683 1262 montibus
704 1202 832 1273 fruimur,
854 1203 945 1260 nostri
965 1212 1033 1261 sunt
1060 1221 1172 1275 amnes,
1193 1204 1283 1262 nostri

230 1302 319 1375 lacus,
336 1321 390 1361 nos
404 1303 501 1378 fruges
515 1300 646 1372 serimus,
661 1318 716 1358 nos
731 1298 858 1371 arbores,
873 1317 927 1357 nos
945 1318 1087 1374 aquarum
1107 1287 1283 1358 inductioni·

229 1399 284 1458 bus
298 1400 379 1458 terris
395 1398 608 1458 fecunditatem
622 1397 737 1467 damus,
751 1414 806 1454 nos
821 1395 940 1454 flumina
958 1415 1101 1469 arcemus,
1117 1395 1283 1472 derigimus,
1298 1429 1323 1456 ιο

230 1497 393 1568 avertimus,
408 1497 513 1554 nostris
528 1494 658 1570 denique
672 1494 807 1552 manibus
821 1492 851 1551 iu
871 1510 968 1551 rerunt
988 1502 1091 1552 natura
1110 1494 1192 1569 quasi
1213 1495 1284 1552 alte-

229 1611 291 1651 ram
305 1603 438 1651 naturam
454 1592 569 1650 efficere
586 1584 735 1649 conamur.

186 1667 225 1773 {35¹3
274 1689 354 1763 Quid
368 1690 459 1747 vero?
478 1688 631 1745 hominum
645 1687 718 1744 ratio
733 1705 794 1744 non
814 1686 844 1743 in
859 1686 973 1761 caeium
990 1703 1083 1761 usque
1104 1687 1286 1761 penetravit?

231 1786 290 1845 Soli
303 1785 382 1843 enim
397 1805 434 1844 ex
450 1785 646 1843 animantibus
664 1801 719 1841 nos
740 1792 884 1842 astrorum
905 1793 994 1854 ortus,
1009 1782 1105 1841 obitus
1126 1801 1285 1858 cursusque

232 1884 432 1959 cognovimus,
447 1882 484 1941 ab
499 1882 651 1940 hominum
665 1898 772 1957 genere
786 1881 884 1940 finitus
905 1890 949 1939 est
963 1879 1035 1954 dies,
1050 1880 1168 1953 mensis,
1182 1899 1284 1952 annus,
1299 1907 1324 1946 ις

232 1980 414 2040 defectiones
435 1981 504 2039 solis
518 1989 547 2038 et
560 1980 646 2052 lunae
661 1979 796 2054 cognitae
811 1978 1037 2054 praedictaeque
1056 1979 1086 2038 in
1107 1996 1196 2037 omne
1217 1997 1285 2055 pos·

232 2089 327 2138 terum
340 2087 466 2154 tempus,
481 2095 566 2153 quae,
581 2077 716 2153 quantae,
731 2074 851 2151 quando
866 2077 977 2150 futurae
999 2077 1065 2136 siut.
1108 2075 1192 2152 Quae
1213 2095 1285 2135 con·

233 2185 319 2235 tuens
346 2175 460 2233 animus
487 2173 605 2232 accedit
625 2173 663 2231 ad
692 2174 891 2248 cognitionem
916 2173 1088 2245 deorum,e
1116 2191 1175 2249 qua
1197 2175 1288 2233 oritur

233 2272 336 2350 pietaS,
356 2271 404 2328 cui
425 2271 582 2328 coniuncta
602 2269 709 2326 iustitia
729 2277 773 2326 est
793 2269 979 2344 reliquaeque
999 2270 1127 2341 virtutes,
1143 2288 1160 2328 e
1181 2269 1287 2345 quibus

234 2367 293 2427 vita
304 2367 392 2426 beata
405 2367 501 2425 existit
514 2369 567 2441 par
580 2375 610 2424 et
623 2365 722 2423 similis
736 2363 875 2437 deorum,
884 2365 964 2423 nulla
976 2366 1032 2423 alia
1051 2384 1082 2424 re
1103 2366 1159 2424 nisi
1179 2367 1285 2425 inmor·
1299 2390 1326 2418 ω

234 2465 353 2536 talitate,
368 2482 444 2539 quae
458 2463 531 2521 nihil
545 2461 583 2522 ad
597 2463 674 2520 bene
694 2460 853 2521 vivendum
874 2463 1008 2539 pertinet,
1024 2462 1134 2522 cedens
1155 2463 1286 2523 caelesti-

235 2564 299 2623 bus.
342 2561 456 2638 Quibus
483 2561 569 2620 rebus
598 2560 736 2636 expositis
765 2560 833 2618 satis
863 2559 999 2619 docuisse
1026 2560 1138 2633 videor,
1161 2561 1288 2621 hominis

234 2669 337 2718 natura
350 2669 460 2735 quanto
475 2658 570 2716 omnis
585 2658 708 2716 anteiret
728 2658 902 2715 animantes
946 2658 992 2715 Ex
1012 2676 1072 2733 quo
1093 2658 1184 2718 debet
1204 2659 1287 2717 intei-

234 2757 292 2832 legi
308 2774 364 2814 nec
386 2757 507 2832 figuram
528 2757 674 2830 situmque
696 2756 896 2813 membrorum
917 2773 974 2813 nec
995 2755 1103 2831 ingenii
1123 2757 1288 2832 mentisque

185 2877 224 2920 rut
235 2855 294 2912 vim
318 2852 407 2912 talem
429 2853 506 2910 effici
532 2854 661 2928 potuisse
690 2853 814 2911 fortuna.
857 2853 970 2923 Restat,
997 2862 1029 2910 ut
1052 2853 1177 2911 doceam
1200 2862 1288 2928 atque
1301 2880 1327 2919 ις

236 2948 395 3024 aliquando
422 2967 558 3024 perorem
586 2949 693 3020 omnia,
716 2967 792 3024 quae
820 2949 877 3007 sint
905 2949 935 3007 in
963 2948 1021 3006 hoc
1041 2947 1162 3021 mundo,
1184 2949 1290 3024 quibus

236 3054 354 3104 utantur
367 3045 509 3116 homines,
525 3045 676 3103 hominum
692 3063 781 3103 causa
794 3045 871 3103 facta
884 3063 948 3103 esse
963 3055 993 3103 et
1007 3054 1114 3126 parata.

194 3159 232 3216 gp
280 3143 426 3219 Principio
440 3143 503 3218 ipse
518 3142 645 3201 mundus
660 3141 783 3201 deorum
798 3141 1009 3218 hominumque
1024 3161 1113 3202 causa
1126 3142 1220 3203 factus
1236 3153 1290 3215 est,

238 3233 373 3317 quaeque
386 3240 417 3300 in
431 3258 468 3299 eo
483 3251 559 3313 sunt,
574 3259 609 3298 ea
623 3251 724 3317 parata
744 3239 782 3299 ad
803 3241 929 3299 fructum
950 3240 1102 3299 hominum
1124 3250 1154 3299 et
1175 3242 1291 3300 inventa

238 3348 315 3398 sunt.
358 3339 412 3397 Est
426 3338 504 3415 enim
520 3337 647 3397 mundus
661 3339 743 3413 quasi
758 3339 922 3397 communis
944 3338 1068 3397 deorum
1088 3347 1175 3414 atque
1197 3338 1290 3397 homi·
1304 3364 1330 3403 30

238 3454 309 3493 num
331 3434 437 3493 domus
459 3444 510 3494 aut
530 3434 597 3493 urbs
619 3445 817 3509 utrorumque.
860 3435 918 3494 Soli
940 3437 1019 3493 enim
1040 3436 1152 3493 ratione
1177 3444 1292 3494 utentes

238 3531 534 3606 iureaclegevivunt.
576 3532 618 3592 Ut
629 3532 714 3606 igitur
723 3531 853 3589 Athenas
864 3543 893 3589 et
904 3531 1160 3590 Lacedaemonem
1171 3532 1292 3591 Atheni·

238 3627 351 3685 ensium
368 3627 727 3702 Lacedaemoniommque
742 3644 830 3685 causa
843 3627 1006 3703 putandum
1020 3638 1064 3687 est
1074 3628 1208 3687 conditas
1219 3647 1292 3702 esse,

238 3724 406 3798 omniaque,
422 3741 497 3798 quae
511 3723 568 3781 sint
582 3724 612 3781 in
627 3723 671 3781 his
686 3724 813 3795 urbibus,
828 3742 929 3782 eorum
944 3725 1119 3799 populorum
1135 3736 1214 3783 recte
1229 3743 1293 3783 esse

239 3818 385 3891 dicuntur,
400 3818 451 3890 sic,
466 3836 670 3896 quaecumque
689 3829 757 3877 sunt
774 3818 804 3877 in
823 3819 904 3878 omni
925 3819 1047 3893 mund0,
1062 3818 1185 3879 deorum
1206 3831 1294 3897 atque
1308 3845 1332 3884 ³⁵
