2932 4364
507 364 573 415 nm.
585 365 607 416 1.
640 365 701 415 err.
718 365 884 415 xum-xx.
918 365 1050 431 §545-52·
1260 363 1304 431 47

257 517 344 576 etiam
368 515 408 574 ad
429 525 609 576 venustatem
637 525 713 592 apta,
733 516 908 576 describere.
950 516 1066 591 Quodsi
1089 517 1222 595 omnium
1243 517 1304 576 ani-
1318 532 1343 574 ts

257 612 398 670 muntium
412 612 535 671 sormam
550 611 638 669 vincit
653 611 778 670 hominis
792 613 892 686 figura,
907 611 980 670 deus
994 623 1093 671 autem
1107 613 1238 671 animans
1252 621 1305 684 est,

257 725 294 765 ea
307 708 397 782 figura
410 708 544 782 proiecto
558 716 611 779 est,
626 724 701 781 quae
722 707 918 783 pulcherrima
931 709 968 766 sit
981 708 1133 781 omnium3
1154 709 1305 784 quoniam·

258 821 314 878 que
328 803 402 863 deos
415 803 598 863 beatissimos
612 821 676 862 esse
691 813 814 876 constat,
826 804 928 863 beatus
943 814 1041 863 autem
1055 822 1119 863 esse
1130 805 1192 863 sine
1202 805 1306 864 virtute

227 918 238 956 s
257 918 346 981 nemo
359 908 457 975 potest
469 917 527 957 nec
539 899 628 957 virtus
649 899 710 958 sine
725 900 836 958 ratione
858 909 991 958 constare
1012 918 1070 958 nec
1089 901 1162 959 ratio
1184 920 1307 976 usquam

257 995 353 1053 inesse
367 995 423 1054 nisi
443 994 474 1054 in
487 994 613 1053 hominis
627 994 728 1071 figura,
743 995 869 1054 hominis
884 1014 947 1054 esse
962 997 1062 1072 specie
1077 995 1150 1056 deos
1164 998 1307 1055 confiten-

258 1090 329 1150 dum
350 1100 404 1151 est.
446 1093 474 1150 N
477 1110 512 1150 ec
526 1101 626 1150 tamen
639 1110 676 1150 ea
688 1093 802 1168 species
825 1110 931 1167 corpus
952 1101 1005 1165 est,
1020 1092 1073 1151 sed
1088 1093 1170 1169 quasi
1192 1111 1308 1169 corpus,
1321 1107 1347 1149 to

257 1205 314 1246 nec
330 1186 419 1263 habet
439 1187 619 1262 sanguinem,
634 1186 687 1246 sed
702 1187 784 1262 quasi
804 1189 985 1262 sanguinem.
1028 1189 1115 1246 Haec
1129 1206 1307 1264 quamquam
1315 1197 1353 1251 lt>

259 1292 289 1342 et
302 1273 418 1342 inventa
438 1292 506 1341 sunt
528 1283 641 1341 acutius
656 1292 686 1341 et
699 1282 780 1341 dicta
801 1282 931 1341 subtilius
953 1283 991 1342 ab
1014 1285 1152 1359 Epicuro,
1167 1303 1256 1359 quam
1278 1296 1310 1343 ut

223 1402 247 1429 ιο
259 1379 351 1455 quivis
365 1397 401 1437 ea
414 1380 507 1454 possit
520 1397 688 1454 agnoscere,
703 1387 803 1436 tamen
823 1379 912 1437 fretus
932 1379 1130 1454 intellegentia
1142 1389 1238 1438 vestra
1251 1379 1309 1438 dis·

259 1492 325 1534 sero
345 1474 469 1547 brevius,
484 1493 572 1551 quam
597 1493 685 1533 causa
705 1474 861 1534 desiderat.
904 1475 1049 1551 Epicurus
1071 1485 1179 1548 autem,
1194 1476 1245 1551 qui
1265 1495 1311 1535 res

260 1572 388 1632 occultas
403 1581 433 1632 et
445 1571 560 1648 penitus
574 1571 688 1631 abditas
709 1590 771 1630 non
791 1571 883 1630 modo
897 1571 1002 1630 viderit
1022 1572 1131 1645 animo,
1147 1572 1201 1633 sed
1223 1574 1312 1632 etiam

260 1669 302 1728 sic
316 1677 428 1742 tractet,
442 1679 474 1729 ut
488 1687 586 1742 manu,
602 1668 692 1729 docet
705 1687 772 1728 eam
789 1687 853 1728 esse
867 1669 927 1729 vim
941 1678 971 1729 et
984 1679 1117 1729 naturam
1132 1669 1265 1743 deorum,
1280 1680 1314 1731 ut

260 1767 386 1844 primum
399 1785 461 1826 non
479 1785 575 1839 sensu,
589 1765 643 1827 sed
660 1775 758 1826 mente
773 1776 926 1842 cematur;
948 1785 1004 1826 nec
1025 1766 1170 1827 soliditate
1184 1767 1313 1845 quadam

226 1890 249 1931 ιε
261 1882 318 1924 nec
337 1862 376 1923 ad
392 1882 554 1936 numerum,
569 1872 601 1922 ut
622 1882 666 1935 ea,
681 1882 757 1939 quae
779 1864 829 1923 ille
847 1874 967 1940 propter
987 1864 1153 1924 firmitatem
1167 1865 1316 1960 σιερέιννια

262 1960 397 2038 appellat,
417 1960 471 2019 sed
495 1960 669 2037 imaginibus
690 1951 877 2019 similitudine
901 1971 931 2019 et
958 1962 1128 2066 trapsitione
1147 1961 1342 2056 chptrs,

262 2075 330 2114 cum
344 2057 456 2115 infinita
469 2046 686 2168 simillumarpm
707 2040 873 2132 imagidum
887 2055 986 2115 series
999 2074 1037 2114 ex
1057 2046 1316 2117 innumerabilibus

261 2151 416 2223 individuis
431 2152 534 2210 existat
547 2161 577 2210 et
590 2150 629 2210 ad
635 2118 698 2210 ιιοέ
711 2151 838 2224 adfluat;
852 2134 915 2210 tum
929 2153 1062 2211 maximis
1076 2153 1293 2229 voluptatibus
1284 2161 1337 2212 ιιι

262 2267 312 2308 eas
325 2247 465 2326 imagines
480 2257 610 2307 mentem
630 2249 772 2307 intentam
796 2247 973 2325 infixamque
996 2258 1125 2308 nostram
1147 2250 1316 2326 intellegen-

174 2347 189 2425 ξ
225 2345 332 2404 „tiam
346 2363 461 2422 capere,
477 2364 551 2421 quae
566 2345 603 2403 sit
616 2354 645 2404 et
664 2345 751 2405 beata
770 2353 874 2403 natura
893 2355 923 2403 et
944 2355 1072 2405 aeterna.
1113 2347 1233 2406 Summa
1244 2363 1314 2406 vero
1327 2370 1354 2411 ω

175 2442 181 2454 ‘
261 2442 304 2500 vis
317 2441 465 2501 infinitatis
484 2450 514 2501 et
534 2459 642 2518 magna
664 2432 699 2499 ac
721 2440 852 2517 diligenti
875 2442 1123 2518 contemplatione
1145 2442 1316 2518 dignissima
1363 2444 1367 2450 ’

263 2547 316 2610 est,
327 2539 358 2597 in
367 2556 427 2614 qua
440 2537 567 2614 intellegi
580 2555 702 2596 necesse
717 2546 761 2596 est
776 2556 842 2596 earn
855 2556 920 2596 esse
933 2548 1076 2610 naturam,
1091 2548 1124 2597 ut
1137 2539 1236 2597 omnia
1250 2537 1315 2598 om·

261 2634 346 2694 nibus
372 2635 489 2710 paribus
521 2634 603 2710 paria
635 2632 865 2709 respondeant·
899 2636 989 2692 Hanc
1018 2633 1160 2710 ἰσονομίαν
1187 2635 1316 2711 appellat

262 2730 415 2807 Epicurus,
429 2729 461 2789 id
482 2738 526 2789 est
547 2729 730 2804 aequabilem
751 2728 947 2788 tributionem.
989 2730 1037 2788 Ex
1059 2729 1115 2787 hac
1137 2728 1221 2805 igitur
1242 2729 1315 2788 illud

225 2852 250 2892 ις
262 2825 393 2898 efficitur,
406 2825 432 2895 si
446 2825 611 2884 mortalium
625 2833 705 2883 tanta
718 2822 874 2883 multitudo
890 2823 935 2895 sit,
951 2842 1015 2882 esse
1040 2824 1235 2883 inmortalium
1252 2843 1314 2884 non

261 2922 414 2993 minorem,
437 2929 467 2981 et
488 2921 522 2992 si,
536 2939 611 2997 quae
634 2919 809 2991 interimant,
831 2918 1053 2979 innumerabilia
1073 2919 1140 2991 sint,
1158 2921 1245 2979 etiam
1268 2939 1313 2994 ea,
1369 2919 1372 2923 ’

248 3035 337 3093 quae
361 3025 544 3088 conservent,
567 3016 679 3075 infinita
702 3034 765 3075 esse
791 3015 909 3075 debere.
951 3017 991 3074 Et
1015 3030 1165 3090 quaerere
1178 3035 1196 3074 a
1218 3017 1313 3090 nobis,

263 3113 362 3186 Balbe,
373 3112 479 3184 soletis,
487 3130 567 3190 quae
580 3113 640 3170 vita
653 3111 776 3170 deorum
790 3112 827 3170 sit
828 3129 981 3187 ,quaeque
996 3111 1063 3170 ab''
1045 3131 1079 3170 us
1088 3110 1211 3187 degatur
1223 3121 1323 3172 aetas.-
1338 3112 1356 3188 ς’

263 3209 308 3268 Ea
319 3202 465 3280 videlicet,
481 3226 540 3284 qua
559 3207 630 3266 nihil
649 3207 772 3280 beatius,
789 3207 861 3266 nihil
882 3207 1018 3267 omnibus
1038 3207 1124 3266 bonis
1148 3197 1312 3267 affluentius
1325 3228 1349 3268 ιι

225 3304 382 3381 recogitari
395 3313 502 3381 potest.
545 3303 626 3363 Nihil
646 3305 724 3362 enim
739 3305 806 3380 agit,
821 3305 906 3362 nullis
928 3303 1171 3378 occupationibus
1194 3314 1238 3362 est
1267 3303 1311 3361 in·

233 3451 239 3462 .
261 3400 393 3474 plicatus,
414 3400 497 3458 nulla·
516 3416 607 3474 opera
628 3399 752 3472 molitur,
776 3418 828 3458 sua
852 3399 995 3475 sapientia
1019 3408 1048 3457 et
1069 3399 1171 3457 virtute
1194 3399 1311 3474 gaudet,

261 3480 350 3554 habet
363 3494 544 3570 exploratum
557 3495 619 3552 iore
633 3513 665 3553 se
679 3513 795 3570 semper
809 3513 876 3552 cum
891 3494 921 3552 in
942 3494 1083 3565 maximis,
1099 3503 1160 3552 tum
1175 3494 1205 3552 in
1219 3505 1310 3552 aeter-

261 3590 306 3648 nis
319 3567 523 3665 uoluptatibus.
566 3590 658 3647 Hunc
679 3588 768 3647 deum
790 3590 842 3648 rite
864 3589 983 3647 beatum
1003 3588 1168 3660 dixerimus,
1183 3599 1310 3648 vestrum
1318 3564 1355 3670 ²5?

261 3703 330 3744 vero
354 3683 619 3744 laboriosissimum.
661 3685 726 3744 Sive
741 3683 820 3743 enim
841 3685 903 3760 ipse
925 3685 1052 3743 mundus
1073 3684 1146 3743 deus
1172 3693 1224 3757 est,
1239 3685 1311 3762 quid

224 3804 249 3844 ιε
262 3790 359 3857 potest
380 3786 453 3840 esse*
465 3780 561 3840 minus
575 3781 706 3857 quietum
720 3799 809 3858 quam
828 3780 907 3840 nullo
929 3789 1040 3859 puncto
1063 3782 1201 3857 temporis
1223 3781 1308 3842 inter·
