2932 4364
454 387 520 436 LlB.
537 387 573 436 11.
606 388 666 436 Car.
680 387 840 436 XLVIII-L.
874 388 1038 451 §5122-127.
1211 389 1271 453 119

222 547 387 614 potuerunt.
414 540 539 597 Tantam
551 539 683 614 ingenuit
696 539 891 597 animantibus
905 538 1098 597 conservandi
1112 539 1157 597 sui
1171 547 1273 597 natura
1354 545 1355 548 ’

222 633 398 693 custodiam.
440 635 512 711 Legi
536 635 625 693 etiam
648 635 788 710 scriptum
813 653 877 694 esse
901 653 985 693 avem
1013 634 1170 711 quandam,
1194 632 1317 714 quae4l)f

222 731 346 808 platalea
360 731 575 800 nominaretur3
598 749 663 789 eam
679 731 734 790 sibi
748 731 847 790 cibum
866 748 1006 806 quaerere
1028 729 1214 791 advolantem
1233 731 1273 790 ad

223 847 272 888 eas
295 829 364 900 avis,
387 847 463 904 quae
487 847 518 886 se
541 828 572 887 iu
594 828 666 886 mari
688 837 871 905 mergerent;
900 846 976 904 quae
999 847 1068 887 cum
1090 830 1274 889 emersissent

192 942 204 982 s
223 925 394 1001 piscemque
409 925 565 1000 cepissent,
581 943 672 1000 usque
687 943 725 984 eo
738 942 871 1000 premere
886 943 986 983 earum
1000 925 1097 1001 capita
1115 925 1273 1000 mordicus,

224 1020 296 1081 dum
315 1023 380 1080 illae
401 1031 521 1097 captum
535 1022 709 1093 amitterent,
724 1022 754 1079 in
769 1021 851 1097 quod
866 1022 929 1098 ipsa
943 1020 1102 1081 invaderet.
1145 1022 1273 1083 Eadem·
1324 1069 1326 1072 Α

224 1137 281 1194 que
296 1119 370 1176 haec
383 1120 443 1177 avis
458 1119 591 1177 scribitur
605 1119 727 1176 conchis
741 1137 773 1177 se
787 1119 881 1177 solere
902 1119 1061 1194 complere,
1076 1137 1185 1195 easque
1206 1139 1275 1180 cum

225 1215 367 1274 stomachi
389 1216 485 1273 calore
508 1215 687 1286 concoxerit,
711 1232 847 1273 evomere
872 1224 960 1290 atque
985 1216 1025 1273 ita
1047 1216 1151 1291 eligere
1173 1235 1211 1274 ex
1230 1217 1274 1289 iis,

225 1320 381 1386 quaesunt
402 1311 559 1378 esculenta.
601 1312 704 1368 Ranae
725 1320 823 1368 autem
844 1312 972 1369 marinae
994 1311 1131 1370 dicuntur
1151 1313 1274 1371 obruere
1281 1325 1319 1366 rav

189 1431 214 1458 ιο
225 1423 289 1463 sese
312 1407 420 1463 harena
440 1406 533 1463 solere
556 1416 586 1463 et
607 1406 717 1463 moveri
740 1423 833 1481 prope
854 1424 969 1481 aquam,
983 1405 1022 1465 ad
1043 1424 1114 1482 quas
1136 1408 1219 1483 quasi
1235 1406 1274 1467 ad

226 1519 324 1560 escam
344 1501 440 1576 pisces
461 1520 529 1559 cum
548 1502 733 1573 accesserint,
756 1501 864 1560 confici
884 1520 903 1560 a
923 1502 999 1560 ranis
1021 1511 1109 1578 atque
1131 1504 1273 1564 consumi.

227 1598 320 1658 Miluo
343 1607 386 1656 est
407 1596 559 1674 quoddam
582 1598 691 1658 bellum
716 1599 798 1674 quasi
820 1598 949 1658 naturale
973 1617 1042 1659 cum
1066 1618 1175 1672 corvo;
1204 1619 1275 1677 ergo

227 1696 299 1754 alter
318 1695 432 1754 alterius
453 1695 629 1772 ubicumque
643 1706 767 1756 nanctus
781 1706 826 1756 est
839 1715 896 1756 ova
908 1696 1022 1773 frangit.
1064 1698 1141 1758 Illud
1154 1717 1224 1758 vero
1237 1699 1276 1760 ab

227 1792 380 1852 Aristotele
400 1792 675 1864 animadversum,a
695 1812 755 1869 quo
775 1794 923 1870 pleraque,
937 1795 1002 1870 quis
1023 1804 1120 1871 potest
1140 1814 1201 1855 non
1222 1797 1275 1855 mi·

192 1890 303 1951 ¹stari?
329 1908 413 1965 grues
441 1908 510 1948 cum
536 1890 604 1949 loca
630 1889 769 1949 calidiora
795 1900 929 1968 petentes
956 1891 1047 1949 maria
1073 1893 1277 1965 transmittant,

228 1985 361 2060 trianguli
375 1985 491 2044 efficere
505 1985 648 2061 formam
670 1988 732 2045 eius
746 1996 845 2045 autem
859 2005 973 2045 summo
988 1988 1095 2063 angulo
1115 1989 1165 2047 aiir
1184 1990 1223 2048 ab
1243 1990 1278 2048 iis

228 2081 365 2140 adversus
387 2081 510 2156 pellitur,
533 2081 642 2140 deinde
670 2083 778 2140 sensim
801 2084 840 2141 ab
861 2091 984 2156 utroque
1008 2082 1106 2154 latere,
1129 2092 1278 2161 tamquam

228 2177 324 2249 remis,
344 2177 385 2234 ita
404 2176 501 2252 pinnis
522 2181 621 2235 cursus
641 2178 738 2236 avium
758 2179 876 2237 levatur.
918 2178 999 2236 Basis
1020 2188 1118 2237 autem
1136 2180 1278 2256 trianguli,

229 2293 317 2350 quem
342 2274 470 2334 efficiunt
494 2293 588 2351 grues,
613 2293 649 2333 ea
672 2285 864 2352 tamquam'a
887 2275 980 2353 puppi
1000 2276 1094 2336 ventis
1109 2275 1278 2358 ¹adiuvatur,

192 2397 217 2424 ω
230 2391 341 2448 eaeque
362 2372 392 2430 in
413 2382 495 2449 tergo
516 2372 747 2448 praevolantium
768 2372 844 2432 colla
857 2382 888 2432 et
902 2373 999 2448 capita
1012 2383 1177 2449 reponunt3
1198 2374 1280 2451 quod

230 2470 297 2544 quia
319 2470 381 2544 ipse
404 2467 465 2528 dux
486 2470 582 2527 facere
605 2488 666 2528 non
684 2479 794 2547 potest,
809 2469 878 2544 quia
897 2487 959 2528 nou
980 2468 1078 2542 habet,
1093 2471 1143 2530 ubi
1163 2471 1278 2545 nitatur,

230 2567 347 2637 revolat,
362 2575 393 2623 ut
407 2567 470 2640 ipse
485 2584 603 2642 quoque
618 2567 771 2641 quie'scat3
792 2567 823 2624 in
837 2567 898 2625 eius
912 2567 1011 2625 locum
1028 2567 1162 2627 succedit
1178 2587 1215 2626 ex
1235 2569 1289 2650 iis,¹

230 2681 305 2736 quae
326 2661 508 2738 adquierunt,
526 2679 619 2738 eaque
633 2660 802 2720 vicissitudo
823 2661 853 2720 in
875 2662 957 2720 omni
978 2680 1062 2720 cursu
1084 2673 1278 2723 conservatur.

232 2757 326 2815 Multa
349 2758 410 2829 eius
437 2757 520 2816 modi
543 2758 671 2833 proferre
696 2776 824 2833 possum,
849 2755 903 2816 sed
926 2775 1018 2832 genus
1045 2758 1142 2832 ipsum
1165 2757 1324 2818 videtisne

194 2880 218 2917 ι,
232 2855 295 2911 Iam
309 2872 378 2912 vero
392 2854 439 2912 illa
452 2854 541 2912 etiam
555 2855 678 2926 notiora,
693 2864 803 2929 quanto
817 2871 849 2912 se
863 2871 953 2928 opere
972 2853 1138 2912 custodiant
1158 2854 1278 2928 bestiae,

231 2957 262 3006 ut
282 2949 312 3007 in
333 2959 417 3024 pastu
438 2950 692 3025 circumspectent,
707 2960 738 3008 ut
758 2950 788 3008 in
809 2949 951 3009 cubilibus
965 2948 1139 3010 delitiscant.
1180 2953 1323 3027 Atquedt)

231 3043 278 3101 illa
290 3043 440 3115 mirabilia,
454 3042 536 3118 quod
554 3045 607 3120 (ea
626 3064 702 3121 quae
722 3063 825 3119 nuper,
841 3043 872 3102 id
893 3053 938 3102 est
958 3044 1059 3118 paucis
1079 3052 1147 3103 ante
1168 3045 1280 3117 saeclis,

231 3138 414 3197 medicorum
435 3139 557 3215 ingeniis
580 3150 695 3215 reperta
715 3139 797 3215 sunt)
822 3140 982 3198 vomitione
1005 3157 1103 3213 canes,
1124 3149 1280 3216 purgantes

231 3245 328 3294 autem
349 3235 428 3295 alvos
449 3236 511 3295 ibes
532 3237 692 3313 Aegyptiae
713 3245 858 3295 curantur.
899 3234 1041 3295 Auditum
1055 3245 1100 3294 est
1115 3237 1279 3312 pantheras,

194 3362 220 3400 ,ο
231 3350 306 3407 quae
327 3332 357 3390 in
377 3333 510 3393 barbaria
529 3343 672 3391 venenata
693 3351 779 3391 carne
801 3341 983 3408 caperentur,
1000 3331 1163 3392 remedium
1185 3332 1279 3407 quod·

231 3426 300 3485 dam
325 3428 440 3499 habere,
465 3446 525 3502 quo
550 3447 617 3486 cum
642 3437 741 3487 esseut
763 3446 842 3500 usae,
865 3446 926 3486 nou
950 3438 1150 3502 morerentur3
1178 3447 1280 3504 capras

231 3532 329 3580 autem
351 3522 382 3581 in
404 3524 492 3582 Creta
515 3524 597 3594 ieras,
620 3542 689 3582 cum
714 3533 812 3582 essent
832 3523 966 3581 confixae
987 3524 1138 3582 venenatis
1160 3524 1279 3600 sagittis,

232 3618 351 3677 herbam
363 3637 521 3693 quaerere,
535 3637 611 3694 quae
633 3619 798 3678 dictamnus
812 3630 974 3691 vocaretur,
988 3637 1076 3694 quam
1098 3638 1166 3678 cum
1183 3631 1279 3696 gusta·

231 3714 348 3787 vissent,
369 3716 487 3791 sagittas
508 3715 644 3775 excidere
666 3714 768 3775 dicunt
788 3735 806 3775 e
827 3735 960 3792 corpore.
1002 3717 1171 3792 Cervaeque
1192 3717 1325 3793 pauloni

195 3829 219 3870 as
231 3820 299 3884 ante
312 3821 426 3888 partum
441 3822 618 3890 perpurgant
631 3831 662 3873 se
677 3812 805 3890 quadam
819 3813 947 3892 herbula,
962 3831 1037 3888 quae
1052 3812 1152 3873 seselis
1165 3813 1279 3874 dicitur.
