2932 4364
232 375 291 422 112
368 385 369 389 ’
555 315 605 425 Di:
625 375 770 426 NATURA
787 374 949 426 DEORUM.

184 535 222 581 ¹⁰7
229 527 301 587 Eius
315 545 384 587 cum
397 527 486 587 totius
500 535 546 587 est
558 528 707 604 praeclara
720 528 846 605 species,
859 535 923 586 ‘tum
940 527 971 586 in
989 526 1088 604 primis
1110 519 1281 604 aspicienda

229 633 274 684 est
287 625 380 700 figura
392 625 495 700 capitis
509 635 597 701 atque
611 624 699 683 ardor
712 624 881 683 oculomm:

311 755 408 813 Huic
441 771 512 811 non
544 771 614 811 una
645 753 753 811 modo
787 761 897 828 caput
925 770 1059 811 ornans
1088 752 1196 810 stella
1224 770 1279 810 re·

777 928 779 930 v
1031 849 1146 919 lucet,

310 947 442 1006 Verum
461 955 625 1023 tempora
645 952 729 1004 sunt
750 942 893 1019 duplici
914 943 1058 1020 fulgore
1080 954 1220 1016 notata,
1299 970 1312 1011 ς

311 1045 338 1102 E
361 1044 600 1121 trucibusque
629 1041 748 1101 oculis
775 1040 847 1100 duo
875 1040 1020 1101 fervida
1046 1041 1183 1101 lumina
1209 1042 1279 1101 ila·

1032 1149 1150 1215 grant,

309 1240 428 1315 Atque
448 1257 520 1298 uno
541 1248 699 1298 mentum
719 1225 880 1296 radianti
901 1235 1022 1295 sidere
1042 1236 1162 1310 lucet;

310 1337 505 1412 Obstipum
525 1347 635 1413 caput
655 1345 690 1394 at
710 1336 822 1395 tereti
843 1335 988 1393 cervice
1009 1335 1190 1394 reflexum

310 1433 486 1493 Obtutum
507 1434 542 1492 in
563 1433 681 1492 cauda
702 1432 851 1491 maioris
873 1432 991 1507 sigere
1013 1431 1130 1492 dicas.
1294 1461 1319 1490 ιο

185 1573 223 1615 1⁰⁸
231 1565 271 1623 Et
282 1564 426 1640 reliquum
440 1564 561 1639 quidem
576 1581 682 1639 corpus
698 1563 842 1622 Draconis
856 1564 924 1621 totis
938 1562 1074 1621 noctibus
1088 1563 1252 1623 cernimus:

311 1695 394 1752 Hoc
428 1701 539 1768 caput
572 1693 631 1751 hic
665 1693 811 1769 paulurn
845 1711 934 1752 sese
966 1692 1090 1751 subito
1121 1711 1280 1768 aequore

1033 1789 1176 1860 condst,

311 1885 421 1945 Ortus
449 1885 510 1945 ubi
538 1895 647 1961 atque
676 1885 799 1945 obitus
828 1894 963 1962 partem
992 1885 1218 1944 admiscetur
1245 1885 1282 1945 in

437 2055 440 2062 .
1031 2000 1146 2041 unam.
1296 1997 1320 2037 ιε

233 2062 271 2122 Id
284 2070 383 2122 autem
397 2070 487 2140 caput

313 2193 509 2269 Attingens
530 2191 680 2252 defessa
698 2172 799 2253 velut
820 2176 1018 2253 maerentis
1039 2193 1158 2270 imago

313 2289 490 2360 Vertitur,
1152 2286 1155 2293 '
1200 2290 1204 2297 '

233 2437 322 2494 quarn
337 2417 458 2495 quidem
472 2419 579 2480 Graeci

306 2547 527 2626 Engonasin
547 2550 726 2635 vocitant,
741 2551 898 2627 genibus
919 2552 1004 2630 quia
1022 2553 1108 2613 nixa
1127 2553 1282 2616 feratur.
1296 2583 1322 2611 ω

314 2649 387 2707 Hic
407 2648 470 2706 illa
490 2647 624 2706 eximio
644 2649 766 2723 posita
786 2659 841 2708 est
862 2650 1186 2727 fulgoreCorona.

234 2782 330 2855 Atque
344 2777 418 2837 haec
432 2777 553 2854 quidem
567 2796 585 2836 a
597 2788 689 2854 tergo,
704 2790 824 2856 propter
838 2791 927 2856 caput
941 2790 1041 2840 autem
1055 2783 1264 2866 Anguitenens,

190 2934 229 2976 ιω
315 2908 437 2982 Quem
461 2907 572 2965 claro
596 2908 815 2984 perhibent
841 2909 1097 2985 Ophiuchum
1124 2912 1283 2969 nomine

555 3061 561 3073 ,
1035 3007 1150 3066 Graii.
1320 3011 1321 3014 ’

315 3101 393 3160 Hic
426 3112 567 3178 pressu
603 3100 746 3177 duplici
780 3101 980 3178 palmarum
1010 3103 1180 3163 continet
1210 3105 1322 3179 Ass·25

1035 3219 1155 3276 guen,

314 3297 432 3372 Atque
454 3296 531 3356 eius
552 3297 631 3372 ipse
652 3305 773 3356 manet
790 3295 968 3372 religatus
990 3315 1146 3374 corpore
1166 3308 1284 3374 torto;

315 3394 479 3469 Namque
513 3393 628 3452 virum
661 3391 819 3452 medium
853 3411 1005 3470 serpens
1036 3396 1101 3455 sub
1132 3406 1285 3473 pectora

457 3548 459 3552 .
1036 3492 1167 3553 cinit.

253 3618 254 3622 =
315 3585 385 3646 Ille
406 3595 527 3645 tamen
547 3586 670 3646 nitens
691 3585 852 3661 graviter
871 3587 1030 3662 vestigia
1049 3510 1156 3664 pofiit
1298 3627 1323 3667 ³0

314 3685 432 3758 Atque
454 3682 582 3740 oculos
604 3690 733 3757 urguet
753 3680 912 3757 pedibus
932 3691 1138 3758 pectusque
1157 3685 1284 3761 Nepai.

234 3810 453 3887 Septentriones
467 3818 566 3869 autem
580 3809 710 3888 sequitur
