2932 4364
146 418 190 484 94
476 412 525 463 nn
545 412 691 463 narum
713 409 874 463 osonum.

147 568 290 642 omnium,
299 586 375 645 quae
386 578 462 626 terra
470 568 600 643 marique
610 566 774 643 gignuntur,
785 567 866 625 initia
873 585 1037 644 causaeque
1047 566 1202 630 ducuntur.

109 685 135 726 to
149 669 212 726 lam
226 668 295 726 solis
308 684 421 725 annuos
437 684 537 724 cursus
551 665 650 740 spatiis
665 667 819 723 menstruis
833 666 901 723 luna
911 667 1109 740 consequitur,
1120 668 1203 726 cuius

147 764 349 822 tenuissimum
365 762 464 819 lumen
479 761 547 819 facit
561 748 711 835 proximus
725 778 860 819 accessus
880 760 919 819 ad
940 762 1042 832 solem,
1057 762 1202 837 digressus

107 858 128 909 ll
147 869 247 917 autem
270 858 456 934 longissimus
477 857 601 931 quisque
629 855 839 931 plenissimum.
882 856 989 931 Neque
1017 857 1112 915 solum
1141 858 1203 916 eius

148 955 263 1031 species
287 972 322 1012 ac
346 954 440 1013 forma
464 961 592 1010 mutatur
616 961 678 1010 turn
706 950 879 1024 crescendo,
901 961 963 1011 tum
988 951 1151 1012 defectibus
1173 954 1235 1012 ins

147 1031 229 1112 initia
242 1049 429 1123 recurrendo,
444 1048 499 1109 sed
520 1049 608 1109 etiam
621 1049 712 1125 regio,
726 1066 802 1124 quae
823 1058 885 1108 tum
906 1059 950 1108 est
970 1050 1126 1125 aquilonia,
1141 1061 1211 1109 tum·

90 1187 93 1190 -
147 1143 288 1210 australis.
327 1143 403 1209 Iride
415 1148 445 1207 in
465 1147 551 1207 lunae
566 1163 685 1223 quoque
706 1164 791 1205 cursu
811 1156 855 1205 est
874 1156 904 1205 et
922 1147 1042 1206 brumae
1057 1147 1204 1223 quaedam

148 1256 178 1306 et
191 1245 303 1305 solstitii
318 1245 486 1316 similitudo,
501 1244 650 1318 multaque
672 1243 709 1302 ab
732 1261 769 1300 ea
790 1253 909 1302 manant
931 1253 961 1302 et
982 1244 1083 1315 fluunt,
1098 1245 1204 1318 quibus
1240 1256 1252 1275 ·

105 1354 121 1421 J
148 1353 178 1401 et
191 1341 354 1400 animantes
367 1341 479 1398 alantur
492 1348 708 1413 augescantque
723 1346 753 1395 et
766 1337 929 1413 pubescant
950 1340 1203 1415 maturitatemque

105 1424 455 1533 {fladsequanturf'quae
480 1436 609 1493 oriuntur
632 1452 649 1492 e
676 1443 761 1492 terra.
804 1435 944 1492 Maxume
969 1452 1037 1493 vero
1062 1445 1128 1493 sunt
1152 1435 1203 1493 ad·
1218 1458 1243 1485 ιο

149 1537 292 1595 mirabiles
312 1545 408 1594 motus
431 1551 531 1591 earum
551 1532 682 1608 quinque
704 1531 859 1603 stellarum,
873 1549 950 1606 quae
972 1532 1042 1591 salso
1063 1543 1205 1592 vocantur

148 1643 284 1693 errantes.
326 1631 407 1690 Nihil
427 1630 506 1693 enirn
521 1637 604 1699 errat,
619 1626 700 1703 quod
714 1627 745 1685 in
759 1628 840 1685 omni
861 1628 1031 1686 aeternitate
1052 1639 1204 1687 conservat

148 1745 316 1805 progressus
336 1736 366 1785 et
385 1742 532 1800 regressus
553 1725 739 1799 reliquosque
761 1732 858 1781 motus
881 1724 1042 1782 constantis
1064 1735 1094 1781 et
1115 1736 1202 1783 ratos.

149 1825 240 1900 Quod
255 1841 292 1882 eo
306 1832 350 1882 est
363 1821 559 1880 admirabilius
576 1821 606 1878 in
627 1818 671 1878 his
694 1820 790 1891 stellis,
806 1836 879 1894 quas
901 1818 1036 1891 dicimus,
1051 1820 1120 1894 quia
1141 1830 1205 1879 tum
1278 1850 1280 1853 ·

148 1920 340 1991 occultantur,
354 1929 418 1978 tum
438 1935 534 1976 rursus
556 1917 731 1993 aperiuntur,
747 1925 809 1974 tum
833 1915 952 1987 adeunt,
966 1924 1030 1973 tum
1052 1916 1203 1990 recedunt,
1218 1939 1242 1978 ις

139 1997 211 2078 ¹tum
225 2014 414 2088 antecedunt,
428 2023 491 2073 tum
505 2024 604 2072 autem
618 2014 842 2089 subsequuntur,
857 2022 920 2072 turn
942 2013 1063 2072 celerius
1083 2032 1204 2087 moven-

150 2125 205 2188 tur,
229 2123 292 2174 tum
315 2112 435 2185 tardius,
457 2121 520 2171 tum
540 2113 662 2171 omnino
690 2129 728 2170 ne
753 2121 907 2169 moventur
930 2111 1062 2186 quidem,
1085 2112 1139 2172 sed
1165 2112 1205 2173 ad

139 2209 302 2291 ,quoddam
316 2219 432 2285 tempus
446 2209 589 2266 insistunt.
631 2208 762 2283 Quamm
784 2226 820 2266 ex
842 2208 1005 2285 disparibus
1026 2211 1205 2269 motionibus

109 2321 127 2368 ‘t
151 2325 289 2384 magnum
311 2325 422 2364 annum
446 2304 643 2364 mathematici
664 2304 895 2378 nominavemnt,
915 2307 966 2381 qui
988 2314 1050 2365 tum
1073 2307 1205 2380 efficitur,

101 2439 103 2444 ·
151 2424 220 2464 cum
241 2403 308 2463 solis
329 2413 360 2462 et
379 2402 465 2463 lunae
486 2411 516 2461 et
529 2403 659 2478 quinque
682 2403 836 2461 errantium
862 2402 902 2462 ad
925 2403 1050 2462 eandem
1076 2404 1151 2463 inter
1173 2422 1205 2464 se
1219 2423 1245 2452 ω

118 2501 400 2579 ncomparationem
428 2500 570 2559 consectis
598 2499 730 2558 omnium
754 2500 853 2578 spatiis
877 2511 922 2559 est
945 2502 1022 2560 sacta
1043 2504 1205 2562 conversio.

114 2618 140 2660 m
153 2601 237 2676 Quae
254 2617 343 2674 quam
363 2599 451 2674 longa
471 2598 516 2670 sit,
532 2615 637 2673 magna
651 2598 783 2673 quaestio
805 2608 858 2670 est,
874 2617 938 2656 esse
952 2616 1021 2658 vero
1044 2609 1155 2658 certam
1177 2609 1207 2658 et

152 2697 303 2757 definitam
329 2713 452 2754 necesse
480 2704 533 2754 est.
575 2695 653 2753 Nam
681 2713 726 2766 ea,
747 2691 823 2770 quae
851 2696 964 2754 Saturni
991 2696 1074 2754 stella
1101 2695 1208 2755 dicitur

151 2793 315 2868 Φαίνωνᾳιιε
336 2811 355 2851 a
374 2793 495 2851 Graecis
517 2792 690 2863 nominatur,
705 2809 781 2867 quae
799 2810 818 2850 a
839 2800 916 2850 terra
937 2793 1020 2851 abest
1041 2793 1207 2869 plurimum,

152 2905 218 2948 xxx
239 2889 298 2948 sere
317 2889 401 2947 annis
415 2906 531 2946 cursum
546 2907 631 2946 suum
646 2888 775 2959 conficit,
791 2889 821 2946 in
836 2906 896 2962 quo
911 2907 997 2947 cursu
1018 2890 1108 2947 multa
1122 2890 1205 2946 mira-
1220 2909 1245 2947 πε

153 2985 247 3044 biliter
265 2984 394 3042 efficiens
414 2993 477 3040 tum
498 2983 714 3055 antecedendo,
730 2994 792 3042 tum
813 2983 999 3056 retardando,
1014 2993 1076 3042 turn
1090 3001 1207 3059 vesper·

153 3081 221 3140 tinis
243 3077 650 3155 temporibus'delitiscendo,
664 3088 728 3138 tum
752 3079 899 3138 matutinis
921 3098 1034 3138 rursum
1058 3097 1091 3139 se
1116 3080 1207 3155 aperi·

154 3176 242 3249 endo,
257 3176 327 3235 nihil
341 3176 465 3234 inmutat
478 3175 660 3252 sempiternis
675 3177 837 3235 saeclorum
851 3176 1002 3249 aetatibus,
1017 3177 1089 3253 quin
1103 3177 1208 3237 eadem

117 3284 128 3330 t
154 3276 248 3335 isdem
272 3274 453 3350 temporibus
475 3273 590 3333 efficiat.
633 3274 711 3333 Intra
733 3284 831 3333 autem
853 3272 930 3333 hanc
951 3275 1072 3351 propius
1094 3294 1113 3333 a
1133 3286 1210 3335 terra
1306 3286 1309 3295 ’

155 3372 233 3432 Iovis
247 3372 330 3430 stella
342 3371 439 3444 fertur,
454 3389 529 3447 quae
542 3370 655 3430 Φαέθων
669 3371 782 3444 dicitur,
798 3389 892 3448 eaque
913 3372 1042 3432 eundem
1055 3390 1098 3432 xrr
1111 3373 1208 3449 signo-
1222 3393 1248 3431 30

154 3488 220 3529 rum
240 3469 343 3528 orbem
364 3469 448 3528 annis
469 3485 512 3528 xn
536 3469 656 3527 conficit
678 3467 866 3545 easdemque,
881 3488 954 3545 quas
979 3470 1092 3530 Saturni
1117 3470 1209 3541 stella,

116 3584 142 3628 rs
155 3567 245 3627 efficit
267 3567 405 3626 incursu
427 3567 587 3625 varietates.
630 3566 711 3624 Huic
733 3575 832 3624 autem
854 3567 1019 3643 proximum
1044 3567 1209 3625 inferiorem

154 3665 257 3724 orbem
271 3672 352 3723 tenet
367 3663 491 3739 ssopdere,
506 3680 581 3738 quae
602 3663 683 3721 stella
704 3663 818 3744 Martis¹
828 3663 996 3739 appellatur,
1011 3681 1105 3738 eaque
1124 3681 1166 3721 1111
1180 3667 1219 3721 et*
1238 3696 1240 3700 ,

154 3775 198 3819 xx
211 3759 360 3818 mensibus
373 3775 412 3830 vr,
427 3768 459 3817 ut
473 3759 586 3834 opinor,
601 3758 704 3817 diebus
719 3759 814 3817 minus
834 3758 963 3816 eundem
984 3759 1084 3816 lustrat
1096 3760 1209 3829 orbem,

155 3872 247 3933 quem
261 3854 337 3915 duae
351 3855 523 3933 superiores.
566 3855 645 3913 Infra
664 3853 741 3913 hanc
761 3864 859 3913 autem
881 3854 964 3914 stella
985 3855 1124 3914 Mercurii
1146 3864 1209 3929 est;
1222 3875 1248 3916 aa
