2932 4364
427 356 493 406 ma.
510 356 551 412 11,
579 356 640 406 cn.
660 356 905 407 xxxm-xxxu
938 355 969 421 ss
982 355 1071 420 a3as.
1215 355 1296 421 105·

224 517 274 567 aut
287 507 430 567 mundum
443 508 503 583 regi
518 507 719 567 confitendum
738 517 791 567 est.
834 508 961 580 Etenim,
976 507 1026 583 qui
1046 508 1170 584 reliquas
1191 516 1274 567 natu·
1288 521 1314 562 aa
1329 523 1331 527 ·

224 621 270 661 ras
298 621 401 661 omnes
429 621 586 677 earumque
614 603 726 661 semina
753 603 912 674 contineat,
936 604 985 678 qui
1012 612 1111 680 potest
1133 603 1195 679 ipse
1214 620 1276 661 non

224 708 326 757 natura
351 697 566 764 administrari?
593 709 633 770 ut,
662 699 687 756 si
715 699 764 775 qui
792 698 896 757 dentes
917 709 948 757 et
967 699 1152 775 pubertatem
1173 711 1275 759 natura

225 794 305 853 dicat
318 795 450 866 existere,
465 794 560 871 ipsum
576 805 673 853 autem
687 795 848 866 hominem,
864 795 912 854 cui
930 814 965 854 ea
979 797 1112 869 existant,
1127 815 1187 856 non
1204 816 1275 855 con-

194 901 300 951 sstare
321 900 430 962 natura,
446 909 506 948 non
530 891 677 966 intellegat
698 909 742 963 ea,
765 909 840 966 quae
862 892 991 949 ecferant
1012 892 1122 967 aliquid
1143 911 1179 951 ex
1201 911 1275 967 sese,

225 987 413 1063 perfectiores
427 986 534 1045 habere
549 995 664 1045 naturas
679 1005 766 1062 quam
781 1005 826 1059 ea,
841 1006 916 1065 quae
931 988 1016 1047 exiis
1030 989 1201 1048 ecferantur.
1252 1021 1255 1028 ·
1324 981 1327 988 ’

266 1084 406 1144 Omnium
419 1092 517 1142 autem
530 1101 635 1157 rerum,
650 1101 724 1159 quae
738 1093 841 1142 natura
860 1083 1104 1158 administrantur,
1118 1086 1319 1145 seminatorltl

226 1190 256 1239 et
276 1190 354 1239 sator
374 1188 404 1239 et
424 1198 537 1256 parens,
562 1190 594 1239 ut
614 1180 655 1239 ita
675 1179 782 1252 dicam,
804 1189 891 1256 atque
916 1179 1059 1240 educator
1082 1192 1113 1241 et
1134 1183 1214 1241 altor:
1232 1194 1277 1242 est

214 1276 531 1355 ‘mundus‘omniaque
552 1277 628 1334 sicut
647 1277 780 1335 membra
800 1286 831 1335 et
850 1287 947 1353 partes
968 1296 1034 1337 suas
1062 1279 1220 1338 nutricatur
1247 1290 1276 1359 et

189 1397 214 1426 ιο
226 1373 377 1431 continet·
408 1371 524 1446 Quodsi
537 1371 640 1430 mundi
656 1381 752 1448 partes
768 1367 876 1431 'natura
896 1373 1139 1448 administrantur,
1154 1393 1276 1434 necesse

227 1478 271 1527 est
289 1468 433 1527 mundum
455 1469 551 1544 ipsum
567 1477 669 1526 natura
689 1467 892 1540 administrari,
908 1470 989 1529 cuius
1011 1470 1131 1546 quidem
1151 1470 1275 1529 admini-

226 1565 325 1624 stratio
346 1565 416 1624 nihil
436 1565 525 1624 habet
545 1565 575 1623 in
596 1583 638 1639 se,
652 1563 734 1642 quod
754 1560 1042 1643 reprehendi'possit
1052 1587 1062 1640 ;
1083 1586 1120 1626 ex
1140 1568 1174 1626 iis
1189 1568 1276 1627 ‘enim

227 1663 343 1734 naturis,
365 1681 440 1739 quae
461 1671 551 1734 erant,
573 1661 654 1738 quod
675 1662 753 1721 effici
773 1662 917 1739 optimum
937 1664 1042 1739 potuit,
1065 1664 1201 1723 effectum
1223 1674 1276 1724 est.

228 1761 343 1817 Doceat
357 1777 426 1835 ergo
440 1759 542 1834 aliquis
556 1759 686 1834 potuisse
701 1759 813 1818 melius.
855 1759 915 1819 Sed
928 1778 1017 1818 nemo
1031 1779 1172 1837 umquam
1186 1761 1276 1820 doce·
1289 1776 1314 1819 st

191 1877 214 1920 ις
227 1854 277 1926 bit,
293 1864 322 1913 et
336 1855 360 1913 si
374 1855 438 1930 quis
452 1855 596 1931 corrigere
617 1852 726 1931 aliquid
746 1855 834 1927 volet,
848 1864 899 1913 aut
919 1854 1047 1915 deterius
1067 1856 1154 1916 saciet
1168 1866 1217 1915 aut
1236 1856 1276 1927 id,

228 1951 308 2027 quod
321 1952 383 2010 fieri
397 1970 458 2009 non
472 1951 607 2027 potuerit,
622 1950 808 2010 desiderabit.
851 1941 965 2026 Quodsi
980 1969 1083 2010 omnes
1097 1951 1199 2011 mundi
1212 1971 1277 2029 par-

228 2055 271 2104 tes
288 2047 327 2104 ita
347 2047 520 2118 constitutae
541 2054 617 2118 sunt,
639 2054 670 2103 ut
690 2063 787 2121 neque
809 2045 848 2104 ad
869 2064 954 2104 usum
975 2047 1109 2105 meliores
1130 2049 1279 2122 potuerint

228 2158 291 2198 esse
305 2158 401 2215 neque
415 2133 453 2224 td
468 2139 599 2215 speciem
620 2139 808 2215 pulchriores,
823 2139 983 2211 videamus,
1005 2149 1101 2199 utrum
1114 2159 1158 2225 ¹ea
1178 2142 1278 2200 fortui-

227 2245 295 2294 tane
310 2236 367 2295 sint
381 2239 419 2294 an
433 2254 470 2294 eo
484 2244 569 2306 statu,
584 2252 644 2310 quo
664 2234 822 2312 cohaerere
842 2235 922 2294 nullo
943 2234 1035 2294 modo
1055 2236 1203 2329 potuerint
1223 2237 1279 2295 nisi

190 2351 315 2391 „sensu
328 2331 499 2391 moderante
514 2331 670 2408 divinaque
684 2331 876 2408 providentia
917 2330 948 2391 Si
966 2331 1051 2407 igitur
1070 2320 1192 2390 meliora
1211 2319 1280 2392 sunt
1343 2402 1346 2410 ,

229 2446 273 2499 ea,
295 2445 370 2508 quae
391 2437 501 2499 natura,
523 2446 611 2503 quam
632 2428 687 2498 illa,
710 2445 784 2503 quae
806 2436 866 2485 arte
894 2427 1025 2503 perfecta
1051 2437 1126 2500 sunt,
1148 2447 1206 2487 nec
1233 2448 1279 2487 ars

229 2514 487 2600 efficitquicquam
501 2523 564 2581 sine
577 2524 698 2595 ratione,
713 2541 750 2581 ne
771 2532 874 2581 natura
893 2520 1015 2598 quidem
1036 2523 1154 2583 rationis
1174 2542 1279 2599 expers

228 2629 273 2679 est
286 2619 431 2686 habenda.
474 2620 554 2694 Qui
547 2620 631 2696 igitur
651 2619 798 2690 convenit,
813 2619 929 2694 signum
949 2627 999 2677 aut
1019 2619 1148 2678 tabulam
1169 2621 1279 2696 pictam

229 2735 297 2775 curn
307 2716 466 2792 aspexeris,
481 2716 554 2774 scire
563 2715 729 2774 adhibitam
743 2732 807 2774 esse
827 2723 928 2788 artem,
943 2733 1070 2791 cumque
1091 2717 1193 2791 procul
1214 2735 1278 2775 cur·

191 2837 216 2878 25
228 2832 293 2872 sum
314 2811 418 2890 navigii
438 2812 553 2901 videris,
574 2828 636 2879 non
656 2799 798 2885 dubitare,
812 2811 890 2887 quin
911 2811 942 2871 id
962 2811 1074 2904 ratione
1084 2819 1189 2891 atque
1217 2822 1277 2872 arte

199 2920 386 2984 moveatur,
401 2920 459 2985 aut,
471 2930 539 2970 cum
553 2910 696 2986 solarium
696 2911 747 2992 vel
761 2909 932 2992 discriptum
945 2910 992 2968 vel
1005 2894 1043 2969 ex
1055 2929 1132 2986 aqua
1145 2921 1292 2970 contem·-

228 3008 317 3085 plere,
329 3009 496 3086 intellegere
510 2994 649 3067 declarari
663 2975 748 3067 horas
762 3015 832 3080 arte,
847 3026 908 3067 non
922 3025 1001 3082 casu,
1013 3007 1156 3067 mundum
1169 3019 1277 3081 autern,

207 3118 208 3121 ’
229 3107 322 3182 quiet
336 3106 387 3166 has
401 3107 478 3183 ipsas
493 3115 568 3165 artes
580 3111 612 3165 'et
625 3124 725 3165 earum
743 3104 869 3165 artifices
889 3113 920 3164 et
939 3103 1047 3163 cuncta
1067 3104 1279 3183 conplectatur,

176 3271 190 3282 ,ἱ
229 3203 342 3274 consilii
358 3213 388 3262 et
401 3203 520 3262 rationis
534 3221 598 3262 esse
612 3189 763 3278 expertem
775 3203 904 3278 putare?
944 3201 1059 3277 Quodsi
1080 3201 1110 3260 in
1131 3202 1317 3279 Scythiames

192 3322 217 3360 so
229 3308 279 3357 aut
299 3299 329 3357 in
351 3299 529 3359 Britanniam
549 3297 702 3374 sphaeram
723 3297 826 3373 aliquis
846 3297 943 3356 tulerit
970 3296 1063 3369 hanc,
1077 3315 1166 3373 quam
1186 3316 1280 3374 nuper

153 3393 155 3398 ’
180 3415 183 3420 ’
229 3395 373 3452 familiaris
388 3404 487 3453 noster
500 3394 597 3453 effecit
619 3392 801 3464 Posidonius,
816 3393 899 3451 cuius
920 3385 1050 3468 singulae
1072 3394 1278 3453 conversiones

229 3488 309 3546 idem
323 3489 452 3548 efficiunt
466 3488 496 3546 in
510 3488 571 3546 sole
586 3487 660 3545 etin
674 3487 742 3545 luna
761 3496 790 3545 et
810 3487 841 3544 in
854 3486 984 3562 quinque
1002 3487 1091 3545 stellis
1108 3488 1278 3559 errantibus,

230 3582 310 3658 quod
325 3583 448 3642 efficitur
468 3583 497 3641 in
519 3583 601 3640 caelo
622 3581 739 3657 singulis
761 3580 865 3640 diebus
886 3590 917 3639 et
937 3581 1081 3654 noctibus,
1097 3582 1160 3657 quis
1182 3583 1211 3639 in
1232 3583 1280 3640 illa

228 3677 360 3738 barbaria
381 3678 503 3751 dubitet,
531 3678 601 3754 quin
629 3695 666 3735 ea
691 3676 815 3752 sphaera
841 3676 878 3734 sit
905 3676 1035 3752 perlecta
1061 3677 1195 3736 ratione?
1235 3676 1323 3740 Hiat

187 3776 216 3836 'as
228 3785 327 3835 'autem
341 3775 475 3835 dubitant
494 3773 532 3834 de
553 3772 674 3845 mundo,
689 3791 726 3831 ex
745 3791 805 3848 quo
827 3781 856 3832 et
877 3773 1007 3832 oriuntur
1027 3784 1057 3832 et
1077 3774 1149 3832 fiunt
1170 3774 1278 3848 omnia,
