2932 4364
174 338 218 401 66
503 353 552 403 ors
573 353 720 404 narum
743 352 902 403 osonum.
930 378 933 384 -

175 505 215 567 ad
227 506 344 567 beatam
357 505 446 566 vitam
459 507 633 583 pertineant,
646 497 748 565 ventre
768 505 871 578 metiri,
885 523 982 582 neque
996 503 1028 565 id
1041 505 1133 564 semel
1146 503 1227 578 dicit,

175 604 229 663 sed
253 605 378 681 saepius.
420 602 558 663 Adnuere
586 612 615 662 te
641 603 749 677 video,
773 613 845 661 nota
868 603 947 661 enim
973 602 1026 661 tibi
1054 611 1139 674 sunt,
1160 618 1226 676 pro-

176 702 279 758 ferrem
301 700 397 772 libros,
421 701 446 758 si
468 717 600 775 negares.
642 700 756 775 Neque
771 717 850 757 nunc
872 696 1067 774 reprehendo,
1084 696 1165 772 quod
1189 693 1229 753 ad

175 797 355 872 voluptatem
377 796 478 854 omnia
496 796 655 854 reserantur
673 795 745 872 (alia
763 804 807 853 est
826 811 864 853 ea
880 792 1043 870 quaestio),
1058 791 1112 850 sed
1131 791 1228 850 doceo

132 906 135 911 ’
177 893 251 951 deos
264 902 375 952 vestros
388 910 454 951 esse
464 892 620 968 voluptatis
634 902 778 968 expertes,
789 891 829 950 ita
842 900 937 950 vestro
951 888 1061 948 iudicio
1074 905 1113 946 ne
1127 888 1229 946 beatos
1248 903 1260 943 s

134 965 309 1074 ,41¹4quidem.
349 992 389 1048 At
402 988 504 1048 dolore
518 981 633 1047 vacant.
675 989 755 1047 Satin
769 997 813 1046 est
826 986 858 1046 id
872 985 912 1045 ad
932 986 1010 1045 illam
1030 983 1229 1044 abundantem

177 1086 263 1147 bonis
283 1085 372 1145 vitam
396 1085 615 1144 beatissimam?
655 1085 782 1160 Cogitat,
803 1084 946 1160 inquiunt,
966 1080 1090 1141 adsidue
1111 1080 1230 1141 beatum

178 1201 242 1243 esse
265 1201 317 1258 se;
338 1182 427 1243 habet
448 1182 527 1241 enim
550 1181 622 1241 nihil
639 1181 728 1255 aliud,
743 1180 825 1258 qnod
845 1181 933 1258 agitet
949 1179 980 1239 in
998 1188 1108 1240 mente.
1107 1195 1132 1289 J
1149 1178 1230 1238 Con-

177 1280 328 1358 prehende
343 1281 428 1357 igitur
441 1280 540 1340 animo
554 1289 584 1338 et
597 1287 814 1356 proponeante
828 1278 931 1337 oculos
950 1277 1039 1336 deum
1059 1276 1131 1336 nihrl
1151 1275 1230 1334 aliud

148 1381 209 1439 ·in
241 1380 322 1438 omni
350 1380 519 1438 aeternitate
557 1377 613 1436 nisi
649 1376 758 1435 ‘Mihi
790 1377 944 1452 pulchre
980 1377 1049 1434 est’
1073 1384 1104 1434 et
1138 1376 1269 1450 ‘Ego¹⁰

178 1475 307 1535 beatus
327 1477 419 1556 sum'
441 1474 629 1552 cogitantem.
671 1473 738 1532 Nec
752 1482 853 1531 tamen
865 1472 963 1548 video,
978 1481 1039 1548 quo
1057 1471 1149 1530 modo
1169 1490 1230 1529 non

135 1597 147 1656 t,
177 1582 309 1631 vereatur
324 1572 378 1630 iste
398 1570 472 1630 deus
491 1572 603 1642 beatus,
624 1587 663 1628 ne
684 1570 816 1642 intereat,
837 1587 906 1627 cum
926 1569 989 1627 sine
1010 1568 1069 1627 ulla
1088 1568 1229 1626 intermis-

179 1668 260 1727 sione
287 1668 417 1743 pulsetur
443 1667 632 1742 agiteturque‘
657 1673 822 1723 atomomm
849 1664 1016 1722 incursione
1043 1665 1231 1738 sempiterna,

179 1756 305 1837 cumq'ue
324 1779 362 1820 ex
376 1761 441 1837 ipso
460 1761 600 1836 imagines
618 1778 735 1836 semper
752 1760 882 1818 affluant.
924 1760 971 1817 Ita
988 1775 1046 1818 nec
1064 1759 1231 1826 beatusest
1259 1812 1264 1822 ,

177 1869 273 1917 vester
286 1856 359 1917 deus
373 1874 429 1916 nec
443 1867 606 1916 aetemuss
1178 1856 1180 1862 ⁴
1246 1875 1269 1914 u

136 1967 174 2010 nu
203 1955 257 2013 «At
271 1955 358 2013 etiam
373 1952 411 2013 de
426 1954 592 2027 sanctitate,¹
603 1952 642 2012 de
656 1952 764 2030 pietate
786 1951 924 2012 adversus
938 1952 1012 2012 deos
1032 1953 1120 2012 libros
1141 1936 1231 2029 scripss

180 2050 217 2111 sit
232 2050 390 2127 Epicurus.
413 2055 470 2110 ’nt
490 2068 551 2126 quo
572 2049 664 2109 modo
688 2049 719 2113 in
743 2050 788 2108 his
810 2049 958 2125 loquitur?
998 2051 1041 2110 Ut
1058 2051 1103 2110 Ti.
1117 2051 1231 2110 Corun-

180 2148 297 2208 canium
317 2155 368 2206 aut
385 2149 416 2207 P.
432 2147 612 2221 Scaevolam,
627 2147 782 2223 pontifices
805 2148 958 2221 maximos,
973 2157 1002 2206 te
1025 2146 1125 2207 audire
1140 2147 1231 2222 dicas,

179 2261 332 2316 noneum,
347 2244 397 2319 qui
417 2243 562 2302 sustulerit
575 2260 695 2302 omnem
716 2242 846 2303 funditus
867 2245 1038 2321 religionem
1061 2238 1122 2304 necv
1139 2246 1231 2304 mani·

179 2340 252 2413 bus,
265 2348 298 2398 ut
317 2341 432 2413 Xerses,
453 2338 508 2398 sed
527 2339 686 2398 rationibus
709 2339 833 2400 deorum
855 2341 1051 2401 inmortalium
1071 2343 1271 2420 templa-‘etna

180 2455 243 2496 aras
257 2437 398 2496 everterit.
440 2435 522 2510 Quid
536 2443 580 2494 est
594 2436 683 2509 enim,
694 2446 751 2495 'cur
765 2436 839 2497 deos
856 2439 895 2498 ab
908 2439 1078 2499 hominibus
1090 2426 1232 2500 colendos

181 2533 270 2605 dicas,
283 2550 360 2590 *cum
382 2531 432 2591 dei
455 2550 516 2590 non
539 2531 632 2591 modo
656 2530 791 2592 homines
818 2545 879 2593 non
907 2536 1015 2609 colant,
1029 2536 1083 2595 sed
1110 2537 1234 2596 omnino

136 2629 252 2688 nonihil
271 2638 382 2701 curent,
396 2628 468 2687 nihil
488 2631 597 2704 agant?
636 2623 675 2689 At
689 2638 734 2690 est
748 2649 851 2701 eorum
870 2633 977 2692 eximia'
989 2633 1135 2709 quaedam
1150 2652 1232 2709 prae-

88 2773 90 2778 .
181 2737 317 2802 stansque
331 2735 441 2799 natura,
453 2736 485 2785 ut
496 2744 531 2785 ea
541 2725 649 2786 debeat
662 2728 726 2804 ipsa
738 2747 792 2805 per
805 2747 837 2789 se
851 2729 891 2788 ad
904 2748 936 2789 se
951 2729 1107 2790 colendam
1118 2731 1232 2790 allicere

181 2824 352 2900 sapientem.
393 2825 440 2882 An
457 2824 615 2900 quicquam
638 2826 777 2886 eximium
799 2836 897 2903 potest
919 2846 983 2888 esse
1008 2828 1038 2888 in
1062 2847 1099 2888 ea
1121 2838 1232 2902 natura,
1245 2854 1271 2894 ο,

181 2938 257 2997 quae
271 2938 325 2979 sua
336 2921 484 2997 voluptate
499 2920 610 2981 laetans
624 2923 695 2981 nihil
715 2941 772 2981 nec
794 2933 895 2983 actura
916 2924 954 2983 sit
974 2942 1115 3000 umquam
1136 2940 1235 3001 neque¹

181 3027 248 3094 agat
260 3035 357 3094 neque
372 3017 483 3095 egerit?
504 3036 579 3093 quae
594 3037 681 3095 porro
694 3019 787 3096 pietas
801 3020 829 3080 ei
843 3021 976 3094 debetur,
991 3038 1083 3097 aquo
1096 3021 1167 3081 nihil
1184 3040 1232 3080 ac·
1241 3035 1255 3146 u

171 3115 315 3191 ceperis?
335 3124 385 3174 aut
398 3113 470 3191 quid
483 3117 615 3191 omnino,
629 3117 719 3177 cuius·
732 3117 844 3177 nullum
867 3108 1002 3178 meritum
1024 3119 1069 3191 sit,
1084 3119 1112 3178 ei
1133 3118 1235 3178 deberi

181 3214 299 3291 potest?
340 3214 394 3272 Est
413 3212 492 3272 enim
513 3214 606 3290 pietas
627 3214 734 3274 iustitia
755 3213 910 3275 adversum
932 3214 1005 3275 deos
1016 3234 1025 3289 3
1046 3233 1115 3274 cum
1129 3216 1234 3291 quibus

182 3309 255 3386 quid
268 3318 366 3387 potest
379 3311 464 3370 nobis
479 3329 543 3370 esse
558 3311 634 3383 iuris,
646 3329 714 3369 cum
729 3310 841 3370 homini
855 3312 933 3371 nulla
946 3299 1016 3374 ‚cum
1030 3311 1089 3371 deo
1102 3313 1139 3383 sit
1153 3330 1233 3371 conr·
1247 3337 1274 3376 ³0

182 3407 330 3466 munitas?
369 3407 511 3467 Sanctitas
538 3417 637 3466 autem
661 3416 705 3466 est
729 3398 852 3466 scientia
876 3407 1068 3467 colendorum
1091 3408 1214 3468 deorum
1225 3428 1234 3482 3

183 3503 335 3578 quiquam
356 3502 396 3562 ob
409 3521 471 3562 rem
493 3503 611 3562 colendi
632 3503 698 3577 sint,
710 3521 771 3562 non
785 3503 931 3580 intellego,
945 3503 1025 3563 nullo
1038 3522 1097 3565 nec
1109 3504 1235 3581 accepto

183 3599 221 3656 ab
236 3598 269 3656 iis
283 3616 340 3655 nec
353 3607 470 3672 sperato
483 3597 572 3657 bono.

139 3673 176 3779 ξιξ
226 3690 306 3766 Quid
320 3701 364 3749 est
378 3701 486 3763 autem,
500 3692 582 3767 quod
596 3692 670 3751 deos
682 3712 856 3752 veneremur
871 3704 992 3771 propter
1011 3694 1235 3755 admirationem

182 3787 245 3862 eius
264 3796 393 3860 naturae,
413 3785 443 3846 in
461 3802 524 3860 qua
544 3788 693 3862 egregium
717 3787 788 3848 nihii
800 3788 971 3848 videamus?
986 3821 988 3825 v
1005 3791 1085 3850 Nam
1099 3791 1235 3866 supersti-
1249 3813 1273 3854 ³⁵
