2932 4364
149 369 210 432 166
474 383 522 431 ou
543 382 688 433 narona
710 382 868 433 osonum

262 538 395 596 Poenis
417 535 564 595 luendis
585 534 733 594 dabitur
752 535 866 595 satias
887 513 1077 613 supplici?

105 717 129 759 ar
143 705 250 765 Utrum
278 702 384 777 poetae
414 700 529 760 Stoicos
551 699 745 775 depravarint,
766 719 803 759 an
831 701 920 761 Stoici
947 703 1043 776 poetis
1064 703 1200 764 dederint

144 799 357 868 auctoritatem,
372 816 433 855 non
448 797 532 854 facile
547 795 690 869 dixerim,
712 805 847 872 portenta
868 797 947 854 enim
965 799 1003 856 ab
1020 797 1148 874 utrisque
1169 810 1199 858 et

143 896 249 971 flagitia
264 894 409 953 dicuntur.
452 893 558 968 Neque
577 893 665 963 enirn,
681 910 770 967 quem
786 893 983 968 Hipponactis
1004 894 1121 954 iambus
1139 895 1197 954 lae-

143 1002 228 1063 serat,
243 1001 293 1049 aut
306 991 357 1066 qui
376 999 437 1049 erat
455 989 621 1047 Archilochi
639 1006 723 1046 versu
740 987 914 1061 volneratus,
932 1007 950 1046 a
966 988 1026 1048 deo
1046 990 1198 1050 inmissum
1217 1013 1229 1052 s

144 1089 287 1160 dolorem,
299 1106 359 1146 uon
370 1096 549 1161 conceptum
563 1104 581 1143 a
595 1103 626 1143 se
642 1085 706 1159 ipso
720 1085 899 1157 continebat,
910 1103 976 1158 nec,
988 1105 1057 1145 cum
1067 1089 1199 1164 Aegisthi

143 1184 295 1245 libidinem
315 1196 366 1242 aut
386 1202 455 1241 cum
477 1182 587 1241 Paridis
603 1181 746 1252 videmus,
765 1181 856 1240 adeo
878 1201 996 1242 causam
1017 1185 1197 1260 requirimus,

144 1302 213 1341 cum
232 1282 336 1356 culpae
353 1297 448 1356 paene
462 1297 568 1338 vocem
586 1277 748 1349 audiamus,
764 1296 820 1337 nec
841 1296 897 1353 ego
919 1280 1076 1339 multomm
1096 1299 1197 1357 aegro·

143 1398 207 1438 rum
232 1378 355 1437 salutem
379 1395 440 1435 non
464 1376 503 1434 ab
525 1376 709 1451 Hippocrate
733 1376 940 1451 potiusquam
964 1376 1002 1435 ab
1022 1378 1198 1455 Aesculapio

144 1475 243 1534 datam
264 1475 374 1546 iudico,
396 1492 453 1533 nec
476 1472 779 1532 Lacedaemoniorum
800 1471 985 1548 disciplinam
1007 1473 1105 1533 dicam
1133 1493 1196 1533 urn-
1212 1501 1236 1529 ιο

144 1592 231 1649 quarn
246 1573 284 1631 ab
298 1571 434 1647 Apolline
448 1570 545 1646 potius
560 1571 680 1645 Spartae
696 1588 784 1645 quarn
798 1587 816 1626 a
831 1571 965 1645 Lycurgo
980 1570 1090 1628 datam.
1134 1573 1196 1632 Cri·

143 1671 246 1740 tolaus‚
258 1669 386 1744 inquam,
398 1667 501 1725 evertit
512 1667 695 1737 Corinthum,
709 1666 920 1740 Karthaginem
936 1666 1113 1726 Hasdrubal.
1156 1670 1199 1726 Hi

145 1765 205 1824 duo
226 1766 290 1823 illos
310 1765 412 1822 oculos
432 1781 501 1821 orae
524 1763 695 1821 maritumae
716 1761 889 1833 effoderunt,
911 1781 971 1821 non
992 1763 1079 1822 iratus
1099 1765 1197 1841 aliqui,

107 1883 132 1923 m
145 1880 233 1938 quem
257 1861 379 1920 omnino
401 1860 485 1918 irasci
505 1877 593 1935 posse
614 1859 736 1933 negatis,
753 1858 836 1916 deus.
878 1860 917 1918 At
940 1860 1093 1919 subvenire
1119 1872 1198 1919 certe

100 1959 242 2035 uvpotuit
269 1967 299 2016 et
325 1973 497 2015 conservare
521 1955 600 2013 urbis
624 1963 718 2012 tantas
743 1965 831 2030 atque
855 1956 919 2013 talis
930 1976 939 2028 ;
961 1974 1014 2014 vos
1039 1958 1118 2015 enim
1143 1959 1197 2034 ipsi
1212 1986 1234 2024 ι,

144 2055 244 2113 dicere
265 2054 364 2112 soletis
384 2053 456 2111 nihil
477 2070 551 2123 esse,
566 2051 647 2127 quod
661 2050 735 2109 deus
754 2052 871 2109 efficere
892 2070 953 2110 non
973 2054 1073 2127 possit,
1089 2035 1119 2111 et
1133 2056 1196 2130 qui·

145 2151 216 2218 dem
231 2150 293 2208 sine
307 2149 407 2207 labore
421 2147 500 2220 ullo;
522 2159 554 2205 ut
570 2147 650 2206 enim
668 2147 820 2205 hominurn
837 2148 968 2206 membra
980 2149 1059 2206 nulla
1073 2161 1196 2210 conten·

144 2246 226 2304 tione
247 2254 346 2303 mente
367 2244 431 2319 ipsa
449 2261 484 2300 ac
503 2243 651 2301 voluntate
673 2252 852 2313 moveantur,
869 2243 913 2300 sic
933 2244 1053 2302 numine
1074 2244 1198 2306 deorum

144 2342 246 2400 omnia
265 2341 344 2416 fingi,
359 2339 469 2398 moveri
490 2338 653 2413 mutarique
674 2355 771 2412 posse.
814 2339 920 2413 Neque
935 2338 965 2396 id
980 2338 1076 2399 dicitis
1097 2361 1197 2418 super·

144 2439 255 2497 stitiose
272 2448 360 2513 atque
377 2436 497 2508 aniliter,
512 2435 565 2494 sed
586 2435 707 2511 physica
728 2435 931 2511 constantique
952 2438 1084 2511 ratione;
1106 2453 1197 2502 mate·
1211 2472 1237 2500 ω

144 2536 215 2595 riam
240 2534 318 2595 enirn
343 2552 448 2605 rerum,
470 2551 507 2591 ex
530 2551 588 2608 qua
612 2542 642 2592 et
666 2532 696 2591 in
721 2552 779 2609 qua
802 2533 902 2592 omnia
925 2535 991 2607 sint,
1017 2546 1109 2596 totam
1134 2559 1198 2600 esse

144 2633 301 2691 flexibilem
320 2641 351 2691 et
369 2630 616 2702 commutabilem,
631 2639 663 2687 ut
677 2629 748 2688 nihil
763 2631 808 2701 sit,
823 2630 904 2706 quod
919 2651 979 2691 non
994 2653 1031 2692 ex
1045 2653 1081 2694 ea
1095 2656 1198 2712 quam·
1272 2658 1276 2664 ·

143 2732 186 2789 vis
207 2730 304 2789 subito
324 2728 394 2805 fingi
416 2728 604 2802 convertique
622 2728 733 2802 possit;
755 2728 817 2787 eius
831 2739 930 2788 autem
944 2732 1096 2793 universae
1111 2737 1198 2796 fictri-

143 2846 211 2886 cem
232 2837 262 2886 et
282 2825 507 2885 moderatricem
521 2824 650 2882 divinam
670 2842 733 2883 esse
753 2825 967 2901 providentiam
978 2849 987 2903 ;
1009 2831 1086 2891 hauc
1105 2835 1198 2910 igitur,

143 2942 332 3000 quocumque
353 2941 385 2981 se
407 2931 533 2993 moveat,
555 2920 671 2979 efficere
695 2940 793 2997 posse,
812 2923 954 2998 quicquid
975 2927 1051 2987 velit.
1094 2932 1198 3008 Itaque
1212 2961 1236 3000 25
1283 2996 1285 3000 Α

143 3031 194 3079 aut
214 3020 317 3092 nescit,
335 3018 407 3095 quid
427 3018 529 3095 possit,
547 3027 596 3075 aut
616 3019 743 3093 neglegit
763 3037 809 3077 res
830 3020 971 3081 humanas
993 3035 1051 3097 aut,
1069 3029 1141 3102 quid
1162 3032 1199 3090 sit

106 3141 131 3184 nn
144 3118 298 3194 optimum,
319 3133 381 3174 non
402 3123 499 3192 potest
519 3113 658 3174 iudicare.
701 3116 771 3174 Non
795 3126 878 3176 curat
901 3119 1030 3196 singulos
1054 3123 1197 3188 homiues.

144 3216 215 3274 Non
244 3214 349 3272 mirum
360 3232 369 3287 ;
398 3230 436 3271 ne
460 3211 591 3271 civitates
620 3211 751 3288 quidem.
803 3215 873 3274 Non
897 3220 968 3276 eas?
999 3238 1037 3279 ne
1065 3225 1238 3286 nationes''·

143 3311 265 3389 quidem
282 3322 312 3370 et
328 3319 440 3386 gentes.
484 3309 600 3385 Quodsi
622 3310 673 3368 has
695 3312 783 3370 etiarn
805 3323 985 3388 contemnet,
1000 3318 1071 3393 quid
1092 3322 1197 3382 mirum

143 3419 188 3469 est
208 3426 297 3467 omne
319 3409 358 3467 ab
374 3425 410 3465 ea
430 3425 522 3482 genus
544 3407 705 3465 humanum
719 3426 784 3466 esse
798 3416 1024 3486 contemptum?
1065 3418 1123 3475 Sed
1138 3438 1197 3495 quo
1212 3448 1237 3484 30

143 3506 235 3563 modo
252 3503 342 3562 iidem
357 3503 452 3562 dicitis
473 3521 534 3561 nou
556 3504 655 3561 omnia
668 3503 741 3562 deos
757 3507 903 3581 persequi,
918 3508 1009 3568 iidem
1023 3512 1107 3570 voltis
1121 3533 1139 3571 a
1153 3515 1198 3574 dis

143 3600 343 3659 inmortalibus
371 3600 537 3658 hominibus
558 3598 702 3674 dispertiri
729 3619 765 3657 ac
786 3600 877 3660 dividi
905 3607 1040 3665 somnia?
1081 3609 1197 3671 Idcirco

142 3697 216 3756 haec
237 3707 346 3768 tecum,
369 3696 438 3771 quia
457 3706 552 3754 vestra
576 3705 620 3753 est
640 3695 678 3754 de
699 3698 878 3756 somniorum
899 3702 1020 3760 veritate
1044 3709 1197 3767 sententia.

142 3795 239 3868 Atque
254 3792 344 3851 iidem
360 3793 448 3850 etiarn
462 3801 531 3849 vota
545 3792 653 3866 suscipi
664 3790 759 3851 dicitis
774 3803 919 3868 oportere.
963 3797 1079 3874 Nempe
1094 3802 1198 3878 singuli
