2932 4364
502 375 568 427 tm.
581 376 630 427 111.
664 373 838 426 clav-vn.
872 373 1005 439 ssu-18.
1214 377 1270 440 141

225 547 341 606 semper
361 548 399 588 ex
418 529 499 588 omni
520 528 689 588 aeternitate
703 546 804 586 verum
821 527 913 600 suerit,
929 527 958 586 id
973 545 1037 586 esse
1051 529 1151 586 fatum.
1194 527 1275 602 Quid

225 627 310 700 igitur
328 626 406 683 iuvat
419 635 468 682 aut
482 625 554 700 quid
568 624 662 682 adfert
675 623 714 682 ad
726 623 894 689 ,cavendum
915 623 988 681 scire
1009 622 1119 699 aliquid
1140 624 1274 695 futurum,

225 741 294 780 cum
315 720 345 780 id
367 731 445 779 certe
467 722 593 778 futurum
615 721 672 778 sit?
712 718 801 781 Unde
822 737 910 795 porro
931 719 985 777 ista
1000 716 1162 778 divinatio?
1202 721 1275 794 Quis

225 819 334 876 invenit
347 819 446 877 fissum
461 817 586 875 iecoris?
606 818 670 891 quis
684 817 810 875 cornicis
824 825 944 874 cantum
955 810 1077 887 'notavit
1092 817 1156 892 quis
1173 817 1277 875 sortis?

194 933 206 972 s
225 915 330 989 quibus
344 933 400 990 ego
415 914 515 985 credo,
527 932 583 971 nec
598 931 717 989 possum
732 912 792 971 Atti
807 913 902 983 Navii,
914 930 1001 988 quem
1014 913 1276 984 commemorabas,

225 1012 326 1070 lituum
346 1022 545 1070 contemnere.
588 1010 646 1070 Sed
662 1010 713 1086 qui
734 1009 789 1069 ista
809 1009 957 1068 intellecta
976 1010 1041 1081 sint,
1057 1029 1075 1067 a
1094 1009 1275 1086 philosophis

226 1109 322 1168 debeo
333 1108 455 1182 discere,
467 1109 636 1185 praesertim
650 1127 719 1166 cum
734 1107 864 1185 plurimis
876 1107 914 1166 de
929 1108 1015 1166 rebus
1030 1106 1120 1166 divini
1134 1107 1179 1166 isti
1194 1125 1274 1165 men-

225 1208 340 1264 tiantur.
381 1209 419 1264 At
438 1205 547 1264 medici
563 1224 682 1282 quoque
702 1206 757 1281 (ita
776 1205 854 1263 enim
869 1204 1005 1279 dicebas)
1025 1223 1113 1280 saepe
1132 1205 1275 1263 falluntur.
1289 1224 1315 1265 1a

226 1301 306 1376 Quid
324 1303 419 1360 ,simile
440 1302 597 1372 medicina,
618 1303 701 1360 cuius
722 1320 778 1376 ego
799 1302 942 1359 rationem
962 1300 1059 1372 video,
1077 1310 1107 1359 et
1126 1299 1277 1372 divinatio,

190 1420 214 1447 ιο
226 1416 300 1471 quae
321 1397 401 1455 unde
422 1398 538 1468 oriatur,
553 1416 613 1455 non
634 1398 792 1473 intellego?
832 1399 878 1455 Tu
895 1405 994 1454 autem
1011 1397 1098 1454 etiam
1116 1397 1277 1456 Deciorum

226 1492 431 1551 devotionibus
445 1494 575 1568 placatos
589 1493 662 1552 deos
677 1512 741 1552 esse
755 1511 868 1551 censes.
912 1493 997 1567 Quae
1011 1493 1064 1550 luit
1078 1510 1179 1551 eorum
1196 1501 1278 1550 tanta

226 1590 371 1666 iniquitas,
386 1599 419 1648 ut
436 1590 543 1666 placari
562 1591 672 1666 populo
692 1592 829 1654 Romano
849 1609 909 1648 aon
926 1599 1057 1666 possent,
1071 1588 1126 1647 nisi
1140 1588 1191 1647 viri
1204 1590 1276 1648 tales

227 1686 425 1746 occidissent?
465 1687 626 1747 Consilium
651 1687 722 1745 illud
747 1687 964 1764 imperatorium
985 1687 1046 1758 luit,
1068 1685 1149 1761 quod
1170 1686 1278 1746 Graeci

227 1783 413 1863 orparriyqpn
429 1783 586 1860 appellant,
601 1784 654 1842 sed
668 1802 771 1843 eorum
785 1785 1001 1859 imperatorum,
1016 1783 1066 1858 qui
1080 1783 1190 1859 patriae
1205 1802 1276 1842 con-

190 1881 362 1952 1ssulerent,
377 1880 453 1938 vitae
473 1898 532 1938 non
551 1889 705 1956 parcerent
715 1899 724 1952 ;
745 1880 882 1938 rebantur
900 1881 978 1937 enim
1000 1880 1061 1937 sore
1082 1889 1115 1938 ut
1135 1879 1278 1938 exercitus

227 1978 433 2053 imperatorem
447 1995 526 2052 equo
541 1976 660 2035 incitato
679 1995 711 2036 se
731 1976 762 2035 in
781 1977 896 2035 hostem
912 1977 1108 2035 inmittentem
1122 1994 1278 2053 perseque-

227 2084 314 2144 retur,
331 2072 362 2130 id
380 2072 462 2147 quod
480 2074 586 2130 evenit.
629 2074 707 2131 Nam
728 2074 820 2131 Fauni
836 2090 942 2131 vocem
961 2072 1100 2146 equidem
1118 2091 1279 2147 numquam

228 2168 326 2227 audivi
337 2189 345 2241 ;
367 2169 428 2240 tibi,
442 2169 467 2227 si
487 2168 632 2227 audivisse
653 2178 682 2227 te
702 2168 784 2241 dicis,
800 2168 929 2240 credam,
945 2169 998 2226 etsi
1021 2170 1137 2248 Faunus
1158 2168 1279 2226 omnino

228 2265 300 2342 quid
321 2266 358 2325 sit
378 2267 488 2324 nescio.
531 2266 601 2324 Non
619 2265 703 2341 igitur
722 2264 831 2335 adhuc,
847 2273 988 2340 quantum
1003 2264 1124 2340 quidem
1139 2265 1169 2323 in
1182 2274 1211 2323 te
1226 2274 1279 2337 est,
1293 2273 1308 2328 7

191 2391 217 2419 ιο
230 2364 329 2435 Balbe,
344 2363 481 2438 intellego
494 2362 568 2422 deos
587 2380 660 2435 esse,
675 2381 749 2438 quos
759 2360 908 2438 'equidem
925 2361 1015 2421 credo
1034 2379 1118 2434 esse;
1139 2360 1193 2422 sed
1210 2361 1280 2420 nihil

229 2461 340 2520 docent
367 2461 465 2520 Stoici.
515 2462 593 2518 Nam
618 2460 784 2531 Cleanthes,
809 2469 842 2518 ut
865 2457 995 2532 dicebas,
1021 2468 1157 2535 quattuor
1184 2458 1280 2518 modis
1293 2473 1318 2514 rs

229 2559 367 2617 formatas
380 2558 409 2616 in
424 2557 528 2616 animis
543 2557 694 2616 hominum
704 2566 787 2632 putat
797 2555 921 2615 deorum
936 2574 1000 2615 esse
1015 2556 1160 2616 notiones.
1195 2559 1280 2617 Unus

231 2655 254 2712 is
275 2654 380 2712 modus
402 2664 454 2725 est,
472 2653 587 2728 dequo
606 2655 673 2712 satis
690 2653 759 2728 dixi,
777 2654 828 2729 qui
848 2663 892 2712 est
913 2663 1065 2729 susceptus
1085 2671 1123 2711 ex
1142 2671 1278 2728 praesen·

231 2749 311 2807 sione
332 2767 428 2807 rerum
449 2750 616 2820 suturarum,
637 2750 709 2807 alter
729 2767 767 2807 ex
786 2748 1050 2825 perturbationibus
1072 2757 1279 2824 tempestatum

193 2875 217 2914 ι,
231 2854 261 2902 et
274 2845 389 2920 reliquis
404 2829 540 2915 motibus,
554 2845 654 2903 tertius
668 2863 705 2902 ex
719 2843 930 2904 commoditate
944 2863 1049 2916 rerum,
1064 2863 1137 2920 quas
1155 2844 1279 2920 percipi-

230 2959 304 3011 mus,
320 2951 349 2998 et
367 2939 463 3015 copia,
478 2949 596 3014 quartus
616 2958 654 2998 ex
673 2951 814 2999 astrorum
833 2940 936 2998 ordine
955 2940 1087 3016 caelique
1107 2941 1279 2999 constantia.

232 3038 279 3094 De
300 3036 507 3112 praesensione
526 3037 662 3095 diximus.
703 3038 751 3095 De
771 3036 1036 3112 perturbationibus
1057 3036 1230 3095 caelestibus
1251 3046 1281 3094 et

230 3133 380 3191 maritimis
400 3142 430 3191 et
450 3133 570 3192 terrenis
590 3152 651 3192 non
672 3151 826 3209 possumus
846 3132 955 3205 dicere,
976 3152 1044 3191 cum
1065 3150 1101 3190 ea
1120 3133 1200 3204 liant,
1220 3151 1281 3191 non

232 3247 295 3288 esse
313 3229 427 3301 multos,
443 3230 492 3304 qui
514 3230 562 3288 illa
581 3238 712 3288 metuant
728 3240 758 3289 et
774 3248 792 3287 a
806 3228 851 3288 dis
874 3229 1072 3288 inmortalibus
1091 3229 1153 3287 fieri
1175 3229 1281 3288 existu-

195 3344 220 3388 2‘0
232 3335 332 3398 ment3
353 3325 407 3385 sed
421 3345 482 3385 non
496 3325 527 3385 id
540 3327 694 3402 quaeritur,
708 3327 804 3385 sintne
818 3325 915 3401 aliqui,
930 3325 980 3401 qui
994 3325 1067 3384 deos
1081 3343 1146 3384 esse
1160 3335 1282 3401 putent3
1296 3339 1320 3381 rr

233 3421 264 3480 di
278 3431 372 3480 utrum
387 3423 444 3480 sint
458 3441 553 3480 necne
568 3424 633 3494 sint,
648 3423 802 3498 quaeritur.
846 3422 924 3480 Nam
938 3422 1066 3496 reliquae
1080 3440 1195 3493 causae,
1210 3439 1282 3496 quas

234 3518 392 3577 Cleanthes
409 3517 511 3588 adfert,
526 3536 648 3593 quarum
667 3536 726 3576 una
743 3527 787 3576 est
801 3516 841 3575 de
860 3516 1094 3586 commodorum,
1109 3535 1184 3591 quae
1204 3517 1283 3593 capi·

234 3633 308 3685 mus,
322 3614 418 3689 copia,
432 3614 522 3671 altera
535 3613 573 3671 de
588 3622 754 3689 temporum
767 3612 871 3672 ordine
885 3613 1017 3687 caelique
1035 3613 1206 3689 constantia,
1220 3622 1282 3670 tum

235 3710 434 3769 tractabuntur
450 3727 468 3766 a
484 3709 577 3780 nobis,
592 3728 661 3767 cum
675 3709 887 3784 disputabimus
902 3707 940 3766 de
954 3707 1137 3783 providentia
1150 3708 1283 3779 deorum,

198 3828 222 3867 ss
235 3806 274 3865 de
295 3821 354 3882 qua
373 3806 496 3883 plurima
513 3825 534 3864 a
553 3815 592 3878 te,
612 3805 712 3880 Balbe,
730 3805 810 3864 dicta
831 3815 917 3877 sunt;
939 3804 1105 3880 eodemque
1127 3805 1175 3863 illa
1196 3805 1323 3863 etiam1a
