2932 4364
413 388 527 438 LIB.11.
560 389 621 438 Cur.
634 388 701 448 LlV,
715 389 767 438 LV.
801 389 966 452 §5133-139.
1154 387 1212 452 123

164 542 331 602 mirabiliter
350 542 463 612 effecta,
478 558 554 617 quae
569 550 684 599 constat
698 541 758 599 sere
772 559 789 599 e
803 541 907 599 nervis.
949 541 1003 599 Est
1022 547 1120 598 autem
1142 537 1215 598 mul·

164 639 257 713 tiplex,
268 647 298 696 et
312 647 442 696 tortuosa
455 645 592 712 arcetque
608 637 791 707 etcontinet,
806 637 866 695 sive
881 635 951 694 illud
971 634 1085 695 aridum
1099 644 1143 695 est
1156 635 1216 694 sive

166 734 310 804 umidum,
325 733 541 809 quodrecepit,
557 743 589 791 ut
609 731 641 792 id
661 734 766 791 mutari
787 743 816 791 et
838 733 986 808 concoqui
1008 733 1108 809 possit,
1122 750 1217 808 eaque
1238 761 1246 783 r

165 840 228 889 tum
242 830 414 905 astringitur,
429 839 492 888 tum
512 829 656 888 relaxatur
675 838 763 904 atque
784 847 882 901 omne,
897 827 980 905 quod
1000 830 1124 905 accepit,
1139 829 1219 906 cogit
1273 892 1277 901 ,

135 952 148 992 ς
167 937 196 985 et
210 925 373 998 confundit,
388 936 420 984 ut
435 926 518 984 facile
534 935 563 984 et
577 925 683 998 calore,
698 944 787 1002 quem
802 926 925 984 multum
940 925 1036 998 habet,
1052 935 1082 984 et
1095 924 1218 985 terendo

167 1024 234 1082 cibo
248 1032 278 1081 et
292 1031 442 1099 praeterea
455 1022 555 1098 spiritu
570 1023 669 1080 omnia
683 1031 770 1080 cocta
783 1031 871 1097 atque
882 1023 1019 1081 coniecta
1033 1023 1062 1081 in
1076 1022 1219 1096 reliquum
1264 1093 1266 1097 Α

167 1137 273 1195 corpus
287 1118 461 1177 dividantur.
504 1118 540 1177 In
554 1117 741 1194 pulmonibus
755 1127 854 1176 autem
868 1118 943 1176 inest
958 1119 1057 1176 raritas
1070 1117 1216 1192 quaedam
1223 1126 1261 1183 55

167 1225 197 1274 et
217 1213 357 1274 adsimilis
377 1215 508 1291 spongiis
531 1213 684 1274 mollitudo
702 1213 742 1272 ad
764 1214 956 1274 hauriendum
978 1213 1110 1289 spiritum
1131 1214 1219 1290 aptis·

167 1312 250 1382 sima,
265 1312 316 1386 qui
330 1320 392 1369 tum
406 1329 437 1371 se
457 1312 634 1370 contrahunt
654 1310 844 1386 adspirantes,
860 1319 921 1369 tum
943 1311 972 1368 in
993 1311 1134 1385 respiratu
1148 1308 1218 1369 dila·

132 1437 157 1465 10
168 1417 239 1489 tant,
254 1416 286 1466 ut
300 1408 465 1484 frequenter
479 1406 603 1465 ducatur
621 1407 704 1466 cibus
724 1407 864 1480 animalis,
879 1425 939 1483 quo
959 1406 1086 1466 maxime
1106 1407 1221 1466 aluntur

169 1505 340 1564 animantes.
383 1505 429 1563 Ex
442 1504 586 1564 intestinis
599 1513 698 1562 autem
711 1513 840 1564 secretus
854 1522 873 1563 a
884 1504 996 1580 reliquo
1007 1503 1075 1564 cibo
1085 1523 1172 1564 sucus
1186 1504 1219 1578 is,
1227 1517 1264 1560 1³7

136 1634 139 1639 ·
170 1620 230 1678 quo
243 1601 354 1675 alimur,
368 1610 521 1678 permanat
539 1600 578 1661 ad
599 1601 679 1660 iecur
692 1620 746 1678 per
758 1590 903 1681 quasdam
922 1619 941 1660 a
961 1601 1062 1661 medio
1075 1602 1221 1661 ¹intestino

170 1718 263 1776 usque
277 1699 316 1759 ad
330 1709 432 1776 portas·
445 1699 548 1759 iecoris
567 1699 626 1776 (sic
647 1700 726 1758 euim
746 1699 940 1775 appellentur)
959 1698 1069 1785 ductas
1077 1709 1107 1759 et
1120 1698 1222 1759 derec-

172 1807 215 1856 tas
228 1797 297 1868 vias,
312 1814 388 1872 quae
402 1797 549 1872 pertinent
568 1795 607 1855 ad
628 1796 709 1855 iecur
725 1796 810 1872 eique
832 1795 1001 1856 adhaerent.
1042 1798 1139 1872 Atque
1154 1795 1223 1855 inde

135 1923 160 1960 ις
172 1893 244 1952 aliae
259 1895 318 1951 alio
332 1892 511 1968 pertinentes
525 1900 601 1965 sunt,
616 1911 670 1975 per
683 1911 756 1967 quas
778 1891 857 1950 cadit
878 1893 961 1951 cibus
981 1911 1000 1950 a
1020 1892 1117 1951 iecore
1131 1892 1224 1969 dilap-

172 2009 232 2048 sus.
271 1988 319 2049 Ab
339 2007 376 2047 eo
397 1989 465 2047 cibo
490 2008 559 2047 cum
583 1998 628 2048 est
652 1998 766 2047 secreta
788 1988 854 2047 bilis
879 1988 1114 2062 eique'umores,
1133 1972 1224 2062 quie

173 2084 292 2143 renibus
320 2084 543 2160 profunduntur,
571 2085 683 2159 reliqua
709 2101 741 2142 se
776 2083 806 2142 in
840 2084 1012 2158 sanguinem
1038 2092 1154 2142 vertunt
1187 2082 1226 2143 ad

174 2181 352 2256 easdemque
373 2191 472 2256 portas
494 2180 598 2239 iecoris
620 2180 780 2252 confluunt,
802 2178 841 2239 ad
861 2197 934 2255 quas
955 2197 1060 2239 omnes
1081 2179 1142 2239 eius
1162 2180 1226 2239 viae

174 2279 339 2354 pertinent;
360 2295 413 2353 per
423 2295 495 2352 quas
509 2278 606 2352 lapsus
621 2277 703 2335 cibus
717 2277 748 2335 in
762 2277 820 2334 hoc
835 2276 899 2352 ipso
912 2276 980 2335 loco
994 2277 1101 2335 ineam
1112 2295 1226 2349 venam,

138 2401 164 2429 ω
175 2392 251 2449 quae
266 2392 337 2431 cava
351 2374 520 2448 appellatur,
537 2372 725 2431 confunditur
737 2390 848 2449 perque
863 2390 929 2430 eam
950 2370 990 2431 ad
1010 2391 1062 2431 cor
1075 2373 1227 2432 consectus

176 2471 233 2528 iam
248 2481 409 2545 coctusque
426 2470 590 2545 perlabitur,
605 2487 624 2526 a
644 2467 734 2527 corde
755 2479 855 2526 autem
875 2467 906 2525 in
926 2475 1021 2525 totum
1042 2485 1148 2544 corpus
1168 2468 1229 2527 dis-2

176 2554 308 2624 tribuitur
321 2583 374 2640 per
387 2580 475 2623 venas
495 2563 659 2623 admodum
679 2564 783 2622 multas
804 2564 834 2621 in
855 2581 959 2621 omnes
980 2573 1077 2639 partes
1098 2564 1227 2638 corporis

176 2661 363 2736 pertinentes.
406 2661 504 2734 Quem
519 2659 557 2718 ad
572 2659 695 2718 modum
709 2669 807 2718 autem
821 2657 959 2735 reliquiae
973 2659 1032 2718 cibi
1046 2657 1229 2734 depellantur
1235 2677 1272 2719 ue

176 2766 240 2816 tum
263 2757 485 2831 astringentibus
509 2775 541 2815 se
565 2756 716 2827 intestinis,
740 2765 805 2815 tum
830 2755 1033 2828 relaxantibus,
1054 2754 1133 2814 baud
1157 2773 1227 2814 sane
1323 2740 1325 2745 ’

140 2884 164 2923 25
177 2853 293 2912 difficile
308 2853 388 2912 dictu
403 2863 456 2925 est,
471 2852 525 2911 sed
539 2864 637 2912 tamen
651 2850 899 2928 praetereundum
912 2861 965 2924 est,
980 2869 1018 2910 ne
1033 2850 1104 2927 quid
1123 2851 1230 2910 habeat

177 2948 393 3008 iniucunditatis
410 2950 512 3008 oratio.
555 2950 607 3008 Illa
627 2950 728 3025 potius·
744 2948 906 3024 explicetur
924 2947 1101 3031 incredibilis
1121 2947 1230 3007 fabrica
1272 2941 1274 2945 ’

176 3054 314 3105 naturae:
337 3047 416 3103 Nam
430 3063 506 3121 quae
523 3046 624 3121 spiritu
645 3045 675 3104 in
696 3045 851 3122 pulmones
871 3044 971 3103 anima
984 3043 1109 3116 ducitur,
1124 3061 1160 3102 ea
1180 3052 1229 3102 ca·

176 3142 260 3201 lescit
284 3142 411 3219 primum
434 3142 498 3218 ipso
519 3142 557 3202 ab
578 3142 689 3217 spiritu,
711 3140 821 3200 deinde
846 3141 1023 3216 contagione
1047 3140 1229 3216 pulmonum,

178 3257 215 3298 ex
228 3257 321 3314 eaque
335 3257 401 3315 pars
415 3238 547 3298 redditur
559 3236 740 3313 respirando,
756 3255 822 3314 pars
845 3230 1010 3312 concipitur
1030 3235 1128 3296 cordis
1148 3227 1230 3312 parte

141 3367 167 3406 30
179 3335 315 3412 quadam,
337 3354 426 3412 quem
449 3335 640 3394 uentriculum
666 3334 764 3393 cordis
787 3334 944 3410 appellant,
967 3334 1015 3392 cui
1037 3333 1137 3392 similis
1156 3333 1232 3392 'alter

179 3424 333 3490 adiunctus
348 3443 400 3504 est,
415 3433 446 3491 in
460 3450 550 3508 quem
563 3431 680 3507 sanguis
694 3449 713 3488 a
725 3430 824 3489 iecore
844 3447 898 3506 per
910 3448 1016 3488 venam
1036 3429 1114 3488 illam
1129 3448 1231 3486 cavam

179 3527 279 3585 influit.
322 3529 426 3604 quue
448 3527 539 3587 modo
561 3546 598 3586 ex
618 3527 662 3595 bis
683 3526 812 3602 partibus
833 3534 863 3584 et
883 3525 999 3601 sanguis
1019 3543 1073 3601 per
1092 3542 1181 3584 venas
1201 3525 1231 3583 in

179 3641 268 3682 omne
279 3642 386 3700 corpus
397 3625 567 3683 diffunditur
577 3634 607 3683 et
620 3623 735 3699 spiritus
749 3641 804 3699 per
816 3623 941 3681 arterias.
973 3623 1122 3698 Utraeque
1133 3630 1232 3681 autem

180 3720 297 3780 crebrae
318 3721 486 3797 multaeque
499 3729 563 3780 toto
578 3739 701 3797 corpore
722 3720 850 3779 intextae
864 3719 923 3778 vim
938 3718 1086 3796 quandam
1106 3719 1231 3778 incredi-

145 3818 270 3884 asbilem
296 3820 442 3879 artificiosi
469 3820 566 3896 operis
593 3819 742 3895 divinique
769 3827 921 3878 testantur.
962 3815 1043 3892 Quid
1070 3815 1168 3876 dicam
1193 3815 1231 3876 de
1239 3830 1278 3872 rso
