2932 4364
552 375 618 424 Lm.
632 375 667 424 11.
701 375 890 424 cmvn-1x.
927 377 957 439 §5
972 376 1059 440 18-23.
1290 369 1328 446 85
1360 448 1362 451 Ι

278 527 415 586 orationis
429 525 548 585 flumine
562 527 740 602 reprensoris
755 527 889 586 convicia
902 527 1058 600 diluuntur,
1080 533 1213 606 angustia
1233 526 1331 592 autem

278 623 432 680 conclusae
447 621 584 680 orationis
598 640 659 679 non
672 622 757 680 facile
771 640 803 680 se
817 621 880 698 ipsa
892 632 1009 682 tutatur.
1051 627 1139 683 Haec
1153 628 1241 699 enim,
1257 646 1331 704 quae

278 718 433 777 dilatantur
466 736 484 775 a
517 717 610 789 nobis,
642 720 722 776 Zeno
753 719 796 777 sic
826 720 995 794 premebat:
1028 722 1156 794 ‘Quod
1187 704 1368 810 ratione?l

278 815 406 886 utitur,
429 814 464 873 id
492 814 620 874 melius
641 823 696 873 est
717 834 830 891 quam
856 814 912 888 id,
934 816 1040 891 quod
1065 819 1225 879 ratione
1255 839 1331 881 non

246 912 423 985 sutitur3
465 911 569 970 nihil
609 921 739 970 autem
781 913 927 971 mundo
968 915 1131 989 melius;
1172 919 1330 978 ratione

278 1008 402 1082 igitur
422 1008 590 1067 mundus
611 1010 767 1068 utitur!
809 1010 943 1068 Similiter
959 1011 1036 1069 effici
1053 1022 1152 1087 potest
1168 1015 1330 1091 sapientem

277 1121 342 1162 esse
370 1104 523 1176 mundum,
551 1105 681 1163 similiter
711 1105 839 1177 beatum,
875 1107 1004 1164 similiter
1029 1117 1200 1182 aetemum3
1232 1113 1331 1172 omnia

278 1200 357 1258 enim
378 1201 452 1259 haec
473 1202 594 1259 meliora
613 1210 680 1260 sunt
700 1220 789 1278 quam
810 1220 855 1275 ea,
876 1221 952 1278 quae
972 1214 1040 1262 sunt
1060 1204 1095 1263 lis
1116 1207 1253 1280 carentia,
1272 1228 1329 1268 nec

278 1296 389 1354 mundo
417 1298 576 1371 quicquam
605 1297 707 1354 melius
718 1317 726 1369 ;
762 1315 800 1355 ex
825 1317 886 1372 quo
913 1299 1053 1357 efficietur
1087 1283 1156 1359 esse
1185 1303 1329 1363 mundum

241 1388 377 1450 wdeum.
420 1391 564 1466 Idemque
584 1390 642 1448 hoc
662 1391 773 1450 modo:
796 1393 976 1452 ‘Nullius
1004 1413 1123 1455 sensu
1149 1400 1366 1458 carentisn

278 1502 368 1562 pars
390 1487 526 1562 aliqua
546 1497 682 1563 potest
704 1501 792 1546 esse
813 1489 1017 1564 sentiens3
1042 1491 1177 1551 mundi
1198 1503 1328 1553 autem

278 1595 414 1661 partes
435 1585 665 1644 sentientes
692 1594 803 1660 sunt3
831 1604 908 1645 non
929 1586 1054 1664 igitur
1075 1598 1186 1648 caret
1209 1609 1327 1651 sensu

278 1682 472 1743 mundus!
523 1684 619 1760 Pergit
650 1681 729 1743 idem
761 1693 792 1742 et
828 1693 931 1760 urguet
964 1686 1131 1761 angustius:
1171 1688 1327 1763 ‘Nihil',

279 1782 393 1858 inquit,
419 1779 542 1856 ‘quod
580 1770 701 1839 animi
729 1780 919 1857 quodque
960 1783 1135 1844 rationis
1169 1796 1229 1844 est
1263 1798 1327 1846 ex-

242 1898 386 1957 apere,
423 1878 463 1936 id
505 1896 699 1955 generare
742 1897 787 1936 ex
830 1897 870 1938 se
907 1887 1045 1956 potest
1085 1882 1329 1943 animantem

279 1985 578 2051 conpotemque
613 1975 816 2048 rationis;
854 1975 1022 2035 mundus
1050 1988 1181 2037 autem
1208 1998 1329 2056 gene-

280 2081 339 2129 rat
379 2071 597 2129 animantis
649 2080 943 2145 compotesque
992 2073 1195 2147 rationis3
1245 2077 1329 2134 ani·

233 2163 236 2169 ’
279 2185 386 2225 mans
414 2176 475 2224 est
503 2166 629 2240 igitur
657 2164 825 2223 mundus
853 2183 1100 2243 composque
1128 2170 1328 2229 rationis!

280 2262 424 2338 Idemque
460 2260 656 2333 similitudine,
692 2271 724 2319 ut
758 2278 848 2336 saepe
883 2262 965 2334 solet,
1001 2263 1144 2323 rationem
1188 2267 1330 2325 conclusit

241 2362 338 2420 „hoc
380 2359 490 2418 modo:
534 2358 588 2417 ‘Si
630 2375 675 2423 ex
723 2357 832 2416 oliva
880 2358 1086 2418 modulate
1135 2372 1330 2422 canentes

279 2457 406 2518 tibiae
441 2463 726 2527 nascerentur,
757 2473 845 2513 num
881 2454 1110 2528 dubitares,
1142 2459 1238 2534 quin
1271 2460 1330 2518 in·

280 2563 389 2613 esset
428 2553 467 2611 in
509 2550 845 2610 oliva¹tibicinii
887 2551 1083 2626 quaedam
1127 2554 1331 2614 scientia?

280 2649 403 2724 Quid,
435 2648 467 2707 si
501 2646 659 2724 platani
692 2646 889 2705 fidiculas
918 2647 1086 2730 ‚ferrent
1118 2665 1330 2711 numerose

279 2745 499 2805 sonantes?
538 2743 642 2803 idem
680 2742 848 2802 scilicet
888 2761 1079 2803 censeres
1120 2745 1158 2804 in
1198 2747 1329 2822 plata·

242 2842 352 2906 asnis>
394 2843 529 2923 inesse
580 2840 786 2900 musicam.
854 2841 933 2900 Cur
987 2839 1114 2915 igitur
1163 2840 1330 2901 mundus

280 2942 364 2997 non'
394 2939 574 2997 animans
616 2938 864 3014 sapiensque
906 2935 1132 3008 iudicetur,
1167 2956 1252 2996 cum
1286 2957 1332 2997 ex

280 3052 319 3095 se
350 3043 540 3110 procreet
570 3034 788 3095 animantis
816 3043 937 3109 atque
966 3033 1212 3108 sapientis?’

223 3170 238 3216 Λ
320 3130 379 3190 Sed
406 3132 547 3206 quoniam
582 3131 669 3206 coepi
705 3149 790 3190 secus
826 3148 920 3205 agere,
960 3139 1047 3204 atque
1083 3129 1165 3188 initio
1200 3118 1369 3223 dixeramss

285 3225 437 3303 (negaram
451 3228 529 3286 enim
544 3226 620 3286 hanc
634 3228 757 3304 primam
771 3237 883 3303 partem
898 3245 984 3302 egere
999 3227 1139 3297 oratione,
1154 3225 1236 3301 quod
1256 3237 1332 3285 esset

243 3324 417 3384 nomnibus
441 3325 629 3400 perspicuum
653 3323 726 3384 deos
751 3325 844 3400 esse),
869 3333 969 3383 tamen
993 3324 1024 3383 id
1051 3324 1148 3399 ipsum
1175 3323 1332 3384 rationibus

282 3420 408 3495 physicis
433 3423 606 3480 confirmare
630 3421 707 3480 volo.
749 3421 797 3480 Sic
821 3420 899 3479 enim
923 3439 969 3479 res
993 3438 1025 3479 se
1050 3419 1147 3492 habet,
1169 3430 1200 3478 ut
1224 3421 1331 3491 omnia,

281 3533 357 3589 quae
370 3516 490 3573 'alantur
504 3527 533 3574 et
547 3535 622 3590 quae
638 3525 780 3586 crescant,
795 3516 966 3574 contineant
980 3517 1009 3573 in
1024 3535 1056 3575 se
1070 3517 1129 3575 vim
1144 3517 1256 3585 caloris,
1270 3517 1332 3574 sine

281 3630 340 3685 qua
364 3630 459 3686 neque
482 3612 518 3669 ali
541 3622 661 3688 possent
684 3630 742 3670 nec
765 3630 907 3670 crescere.
949 3613 1027 3670 Nam
1055 3631 1153 3684 omne,
1181 3612 1262 3688 quod
1282 3624 1333 3684 ,est

283 3707 409 3766 calidum
435 3717 464 3767 et
488 3709 616 3784 igneum,
641 3708 733 3767 cietur
747 3717 776 3766 et
800 3708 894 3784 agitur
917 3718 999 3767 motu
1023 3727 1077 3768 suo
1089 3728 1098 3782 3
1129 3709 1210 3784 quod
1234 3718 1331 3768 autem

244 3829 270 3870 ³5
282 3804 365 3863 alitur
386 3814 416 3863 et
437 3805 551 3878 crescit,
574 3814 656 3866 motu
678 3804 808 3889 quodam
831 3805 919 3864 utitur
940 3815 1022 3864 certo
1044 3815 1074 3865 et
1097 3807 1261 3883 aequabili,
1283 3808 1332 3883 qui
