2932 4364
592 364 657 414 LIB.
675 364 696 414 1.
729 364 790 415 Cur.
803 364 872 425 1,11.
906 320 937 430 §l
952 375 1005 432 1-5.
1280 370 1319 433 33

273 532 397 574 merem
412 533 588 591 causamque
603 517 744 589 continet,
758 524 855 576 utrum
876 517 947 575 nihil
960 527 1057 594 agant,
1072 519 1143 577 nihil
1157 511 1320 594 moliantur,

273 610 355 668 omni
374 612 522 669 curatione
544 619 574 669 et
594 611 843 670 administratione
863 631 959 671 rerum
973 623 1087 685 vacent,
1102 633 1140 672 an
1155 623 1263 673 contra
1282 616 1321 676 ab

273 705 307 764 iis
321 714 350 763 et
364 723 382 764 a
395 705 539 781 principio
554 707 653 764 omnia
667 707 744 765 sacta
764 716 794 765 et
815 709 973 767 constituta
993 709 1051 767 sint
1071 718 1101 766 et
1117 709 1155 767 ad
1175 711 1320 771 infinitum

272 809 388 877 tempus
408 811 544 878 regantur
564 812 652 878 atque
673 812 853 876 moveantur,
875 804 906 862 in
929 804 1029 880 primis
1051 824 1157 882 magna
1176 806 1320 883 dissensio

238 916 253 955 -s
273 906 326 970 est,
341 912 434 974 eaque
448 897 503 958 nisi
517 898 701 972 diiudicatur,
716 900 747 957 in
768 918 884 958 summo
906 919 1001 959 errore
1023 919 1145 960 necesse
1166 912 1209 961 est
1225 903 1319 962 homi·

271 1012 324 1053 nes
340 1004 428 1071 atque
444 994 474 1053 in
487 995 679 1054 maximarum
692 1014 788 1054 rerum
802 996 983 1072 ignoratione
997 999 1112 1057 versari.
1153 1000 1226 1059 Sunt
1240 1001 1317 1059 enim
1335 991 1354 1099 ξ

271 1090 438 1167 philosophi
464 1100 494 1150 et
517 1091 641 1164 luerunt,
666 1092 717 1168 qui
745 1092 867 1151 omnino
894 1094 1004 1152 nullam
1032 1093 1139 1153 habere
1168 1104 1321 1155 censerent

271 1205 367 1245 rerum
387 1187 581 1246 humanarum
601 1187 837 1263 procurationem
858 1188 941 1247 deos.
983 1189 1118 1263 Quorum
1136 1191 1161 1249 si
1174 1208 1241 1249 vera
1255 1210 1319 1250 sen·

271 1282 362 1339 tentia
379 1290 432 1353 est,
447 1299 523 1356 quae
537 1291 635 1357 potest
649 1299 713 1341 esse
727 1282 830 1357 pietas,
845 1297 921 1356 quae
942 1285 1088 1355 sanctitas,
1104 1302 1180 1359 quae
1200 1286 1321 1360 religio?

236 1391 260 1419 ¹⁰
273 1377 358 1434 Haec
373 1376 451 1434 enim
466 1377 565 1434 omnia
583 1393 655 1452 pure
676 1385 765 1451 atque
787 1386 867 1435 caste
888 1377 1043 1436 tribuenda
1062 1378 1186 1437 deorum
1207 1380 1320 1438 numini

272 1470 312 1530 ita
325 1479 401 1544 sunt,
412 1471 435 1530 si
449 1469 716 1531 animadvertuntur
729 1471 767 1531 ab
781 1471 825 1544 iis,
836 1481 865 1531 et
879 1472 903 1530 si
916 1482 961 1531 est
974 1471 1083 1548 aliquid
1096 1492 1115 1531 a
1135 1473 1198 1533 deis
1212 1475 1319 1543 inmor-

271 1568 375 1628 talibus
389 1567 543 1627 hominum
553 1569 652 1645 generi
666 1567 815 1628 tributum.
850 1569 900 1629 Sin
914 1578 1012 1629 autem
1023 1569 1072 1628 dei
1086 1587 1183 1646 neque
1197 1581 1320 1647 possunt

272 1684 325 1728 nos
346 1667 443 1740 iuvare
463 1684 521 1727 nec
540 1667 642 1728 volunt
661 1685 719 1727 nec
739 1668 861 1728 omnino
883 1678 985 1729 curant
1008 1686 1075 1742 nec,
1097 1668 1317 1747 quid‘agamus,

272 1764 513 1839 animadvertunt,
528 1783 586 1825 nec
603 1775 656 1838 est,
670 1764 753 1841 quod
767 1764 808 1827 ab
823 1765 857 1826 iis
870 1765 917 1827 'ad
936 1760 1090 1826 hominum
1102 1767 1195 1827 vitam·
1205 1780 1319 1845 perma-

236 1892 260 1932 n
272 1879 341 1922 nare
355 1863 456 1939 possit,
470 1860 542 1938 quid
556 1871 601 1922 est
616 1861 699 1938 quod
719 1863 792 1922 ullos
809 1862 873 1922 deis
889 1863 1089 1924 inmortalibus
1108 1866 1211 1936 cultus,
1226 1862 1319 1928 honos

271 1976 327 2030 res,
340 1976 444 2034 preces
464 1952 677 2018 adhibeamus?
718 1960 754 2017 ln
774 1960 874 2034 specie
894 1967 992 2017 autem
1013 1960 1099 2018 fictae
1120 1955 1318 2034 simulationis,

272 2053 347 2112 sicut
364 2053 492 2127 reliquae
506 2052 634 2125 virtutes,
651 2053 722 2111 item
743 2053 834 2128 pietas
855 2054 950 2112 inesse
972 2072 1033 2112 non
1053 2063 1159 2129 potest,
1177 2073 1245 2114 cum
1262 2074 1321 2130 qua

271 2137 357 2207 simul
370 2149 554 2206 sanctitatem
568 2156 599 2206 et
611 2147 782 2222 religionem
800 2147 862 2206 tolli
882 2165 1002 2206 necesse
1016 2157 1069 2219 est,
1083 2148 1188 2222 quibus
1202 2150 1320 2210 sublatis

271 2243 449 2319 perturbatio
462 2243 537 2301 vitae
558 2242 689 2317 sequitur
708 2251 738 2302 et
759 2260 866 2318 magna
884 2242 1034 2315 consusi03
1054 2254 1142 2318 atque
1164 2244 1242 2303 haud
1256 2246 1352 2307 scios

234 2361 261 2392 ω
272 2355 310 2396 an
330 2338 439 2413 pietate
452 2335 590 2396 adversos
605 2336 679 2395 deos
696 2336 808 2396 sublata
827 2336 902 2396 fides
916 2338 1004 2395 etiam
1018 2347 1048 2396 et
1062 2339 1186 2397 societas
1206 2342 1320 2414 generis
1340 2367 1342 2371 ⁷

272 2431 404 2492 humani·
418 2441 448 2492 et
474 2431 533 2491 una
559 2431 801 2490 excellentissima
821 2431 919 2503 virtus,
941 2432 1203 2504 iustitia„tollatur.
1247 2435 1320 2494 Sunt

271 2535 371 2604 autern
391 2524 440 2587 alii
462 2527 639 2603 philosophi,
662 2527 730 2585 etii
752 2527 874 2603 quidem
898 2527 996 2602 magni
1018 2536 1106 2602 atque
1128 2528 1249 2601 nobiles,
1269 2531 1320 2605 qui

271 2622 508 2687 deorummente
529 2630 617 2698 atque
636 2622 748 2681 ratione
770 2640 890 2681 omnem
911 2621 1054 2680 mundum
1074 2621 1265 2683 administrari
1289 2634 1320 2684 et

270 2719 331 2796 regi
345 2728 494 2791 censeant,
508 2735 605 2795 neque
618 2737 688 2777 vero
709 2716 740 2777 id
760 2719 864 2790 solum,
878 2716 932 2777 sed
953 2719 1040 2776 etiam
1061 2719 1099 2778 ab
1115 2718 1209 2777 isdem
1224 2718 1319 2778 homi-

233 2837 258 2877 ns
270 2835 342 2876 num
355 2816 431 2875 vitae
445 2815 559 2875 consuli
571 2823 602 2881 et
621 2813 786 2891 provideri3
812 2833 882 2873 nam
902 2823 932 2874 et
952 2814 1047 2890 fruges
1066 2814 1227 2890 etreliqua,
1242 2834 1318 2891 quae
1337 2806 1339 2810 ⁴

270 2921 345 2972 terra
367 2911 469 2989 pariat,
491 2921 522 2971 et
544 2919 734 2988 tempestates
760 2929 796 2969 ac
823 2919 990 2987 temporum
1011 2911 1162 2970 varietates
1186 2912 1318 2987 caelique

238 3064 241 3069 .
269 3008 454 3082 mutationes,
475 3008 581 3084 quibus
602 3008 709 3080 omnia,
731 3025 806 3083 quae
833 3016 909 3065 terra
935 3007 1042 3083 gignat,
1064 3016 1205 3067 maturata
1225 3007 1330 3083 pube--

249 3178 251 3184 Ι
270 3111 362 3178 scant,
377 3103 454 3164 adis
468 3104 667 3163 inmortalibus
682 3103 768 3163 tribui
782 3104 882 3179 generi
898 3103 1028 3163 humano
1042 3112 1146 3179 putant
1159 3104 1318 3180 multaque,

246 3196 248 3200 ⁴
270 3200 494 3289 quae'dicentur
506 3199 538 3259 in
558 3199 602 3258 his
622 3199 709 3271 libris,
724 3199 872 3275 colligunt,
887 3216 962 3275 quae
983 3199 1051 3257 talia
1071 3207 1148 3271 sunt,
1161 3208 1194 3258 ut
1207 3217 1242 3259 ea
1256 3200 1320 3275 ipsa

233 3282 335 3362 tadei
339 3295 510 3359 inmortales
534 3293 573 3354 ad
597 3314 683 3353 usum
708 3294 860 3354 hominum
885 3295 1016 3354 fabricati
1039 3311 1134 3369 paene
1155 3295 1318 3355 videantur.

238 3378 387 3455 Contra
383 3410 468 3468 quos
483 3381 673 3451 Carneades
665 3400 705 3448 tta
725 3390 815 3448 multa
829 3389 971 3461 disseruit,
986 3399 1018 3447 ut
1033 3391 1171 3448 excitaret
1185 3390 1318 3449 homines

209 3553 212 3557 ,
252 3497 336 3565 stota
331 3484 484 3550 socordes
497 3485 536 3544 ad
549 3503 609 3543 ven
601 3484 815 3559 investigandi
830 3484 1029 3559 cupiditatem
1072 3487 1133 3542 Res
1148 3484 1226 3542 enim
1240 3485 1319 3543 nulla
1336 3500 1350 3540 u

255 3574 336 3654 esti?
324 3556 377 3640 fde
395 3599 455 3658 qua
474 3589 626 3656 tantopere
647 3597 709 3638 non
729 3580 823 3638 solum
844 3577 965 3650 indocti,
980 3578 1033 3637 sed
1055 3579 1143 3637 etiam
1164 3578 1245 3637 docti
1259 3579 1317 3638 dis-

206 3740 209 3745 ,
254 3667 420 3751 sentiant3
436 3695 561 3752 quorum
581 3675 735 3752 opiniones
756 3693 825 3733 cum
845 3683 905 3732 tam
919 3673 1013 3732 variae
1034 3674 1091 3733 sint
1107 3683 1230 3750 tamque
1244 3675 1319 3734 inter

232 3801 257 3842 23
270 3764 510 3846 sesdissidentes,
533 3773 655 3831 alterum
676 3770 738 3829 fieri
762 3771 895 3846 prolecto
919 3778 1025 3846 potest,
1050 3779 1082 3828 ut
1106 3789 1205 3829 earum
1229 3771 1316 3842 nulla,

1325 3896 1357 3971 a,
