2932 4364
176 371 219 446 84
505 379 554 429 nn
575 379 724 429 uarum.
743 377 902 430 nnonuu.
921 353 924 359 ’

126 563 143 599 a
176 538 265 597 simus
280 533 495 594 circumfundat
508 533 578 592 aer?
598 542 630 591 ut
643 533 683 592 ob
697 550 762 590 eam
777 532 871 608 ipsam
891 552 1019 608 causam,
1040 535 1122 612 quod
1143 538 1232 597 etiam

112 701 118 712 g
176 633 352 711 quibusdam
391 631 557 707 regionibus
598 639 686 705 atque
724 630 844 689 urbibus
881 632 1051 708 contingere
1089 633 1231 708 videmus,

176 732 328 790 hebetiora
354 739 387 787 ut
414 729 469 786 sint
498 727 650 785 hominum
678 727 795 801 ingenia
822 737 941 803 propter
969 729 1043 788 caeli
1071 732 1231 806 pleniorem

178 839 321 897 naturam,
335 826 393 883 hoc
407 823 486 881 idem
500 824 599 898 generi
614 823 743 881 humano
764 824 901 894 evenerit,
916 824 998 898 quod
1019 826 1048 883 in
1069 837 1152 898 terra,
1175 828 1232 885 hoc

139 940 165 982 ra
179 933 222 980 est
237 923 266 980 in
280 921 457 979 crassissima
469 919 587 993 regione
603 916 715 989 mundi,
731 918 876 976 conlocati
896 919 961 978 sint.
1004 921 1042 978 Et
1070 929 1169 980 tamen
1196 941 1233 980 ex
1252 948 1264 985 s

179 1021 242 1095 ipsa
262 1017 414 1077 hominum
435 1015 559 1074 sollertia
580 1032 643 1073 esse
666 1014 792 1090 aliquam
814 1020 952 1086 mentem,
974 1025 1003 1074 et
1024 1034 1090 1075 eam
1111 1018 1232 1093 quidem

118 1175 125 1211 Ι
178 1117 320 1175 acriorem
356 1123 385 1172 et
422 1106 559 1183 divinam,
598 1111 760 1170 existimare
788 1110 940 1170 debemus.
983 1113 1105 1173 ‘Unde
1137 1116 1232 1174 enim

132 1212 272 1297 pmhanc
293 1200 401 1271 homo‘
421 1209 616 1285 arripuit?'
638 1218 669 1267 ut
685 1209 725 1267 ait
739 1206 818 1283 apud
840 1208 1068 1283 Xenophontem
1090 1211 1232 1271 Socrates.

180 1310 260 1385 Quin
288 1318 318 1366 et
344 1311 488 1366 umorem*
504 1318 533 1364 et
561 1306 699 1377 calorem,
727 1305 778 1380 qui
806 1313 851 1362 est
878 1304 957 1363 susus
985 1305 1015 1364 in
1042 1324 1176 1382 corpore,
1204 1320 1233 1366 et

179 1417 322 1465 terrenam
346 1405 440 1480 ipsam
464 1404 608 1461 viscerum
633 1401 818 1472 soliditatem,
844 1400 974 1472 animum
999 1401 1128 1478 denique
1153 1404 1233 1462 illum
1248 1435 1272 1462 ιο

128 1493 149 1555 ‘i
179 1502 353 1578 spirabilem,
368 1501 392 1558 si
406 1500 471 1574 quis
485 1508 613 1574 quaerat,
628 1498 707 1557 unde
722 1498 891 1568 habeamus,
907 1509 1037 1572 apparet,
1053 1499 1134 1573 quod
1156 1500 1233 1558 aliud

178 1617 197 1656 a
210 1609 284 1656 terra
297 1597 482 1670 sumpsimus,
498 1594 576 1653 aliud
590 1595 628 1652 ab
641 1611 753 1664 umore,
767 1594 846 1651 aliud
860 1594 898 1652 ab
919 1595 987 1669 igni,
1009 1594 1088 1652 aliud
1108 1596 1146 1653 ab
1167 1598 1233 1654 aere

146 1695 226 1762 leo,
254 1709 344 1767 quem
371 1675 644 1765 spiritudducimus.
687 1687 764 1747 Illud
796 1699 903 1759 autem,
932 1689 1013 1764 quod
1042 1689 1133 1748 vincit
1160 1690 1234 1748 haec

178 1789 287 1860 omnia,
311 1788 454 1845 rationem
479 1785 547 1844 dico
571 1796 610 1857 et,
637 1785 662 1843 si
686 1785 783 1860 placet
810 1785 938 1861 pluribus
965 1786 1068 1859 verbis,
1094 1797 1233 1860 mentem,

179 1885 343 1954 consilium,
378 1882 595 1958 cogitationem,
626 1881 820 1957 prudentiam,
851 1883 900 1940 ubi
935 1883 1120 1943 invenimus?
1154 1886 1234 1945 unde
1248 1913 1272 1949 ιε

180 1973 376 2041 sustulimus?
408 1982 454 2038 An
481 1989 580 2037 cetera
607 1978 734 2037 mundus
761 1978 880 2038 habebit
907 1980 1016 2052 omnia,
1044 1980 1233 2069 hoctunum‚

181 2078 262 2156 quod
289 2077 403 2156 plurimi
431 2086 484 2148 est,
512 2094 573 2134 non
601 2075 739 2135 habebit?
779 2077 867 2152 Atqui
895 2087 974 2137 certe
1002 2078 1073 2138 nihil
1101 2082 1234 2141 omnium

180 2195 277 2236 rerum
291 2177 393 2235 melius
408 2154 587 2246 estlmundo,
602 2173 673 2232 nihil
686 2175 893 2249 praestabilius,
908 2175 979 2235 nihil
999 2177 1156 2253 pulchrius,
1178 2199 1234 2240 nec
1247 2170 1262 2242 i
1287 2211 1290 2219 =

181 2274 277 2333 solum
293 2272 363 2331 nihil
377 2281 430 2342 est,
445 2269 499 2329 sed
512 2287 550 2328 ne
564 2270 684 2346 cogitari
699 2270 819 2345 quidem
833 2272 991 2347 quicquam
1011 2275 1114 2335 melius
1127 2285 1234 2353 potest.

175 2371 222 2442 ,Et
240 2369 273 2440 ⁴si
294 2368 405 2426 ratione
429 2376 459 2424 et
481 2366 624 2441 sapientia
646 2363 718 2422 nihil
741 2374 785 2423 est
810 2367 920 2438 melius,
945 2387 1067 2429 necesse
1092 2383 1137 2431 est
1161 2372 1274 2432 haec„

144 2480 170 2522 n
182 2465 277 2524 inesse
302 2465 401 2534 ineo,
427 2461 508 2537 quod
532 2461 677 2537 optimum
701 2479 765 2520 esse
793 2462 994 2524 concedimus.
1038 2467 1119 2541 Quid
1145 2472 1236 2529 vero?

181 2570 262 2620 tanta
274 2579 370 2619 rerum
384 2558 579 2629 consentiens,
594 2559 774 2634 conspirans,
796 2560 966 2620 continuata
986 2566 1124 2640 cognatio
1145 2582 1236 2640 quem

181 2677 241 2717 non
256 2667 343 2733 coget
357 2675 401 2728 ea,
415 2673 491 2732 quae
506 2654 643 2714 dicuntur
656 2674 673 2713 a
692 2673 749 2726 me,
771 2658 973 2733 conprobare?
1015 2662 1155 2722 Possetne
1175 2683 1237 2722 uno

137 2816 139 2820 ,
181 2766 313 2832 tempore
328 2755 437 2825 florere,
453 2754 522 2812 dein
537 2753 664 2811 vicissim
679 2752 795 2811 horrere
810 2758 906 2814 terra?
927 2767 976 2816 aut
995 2768 1039 2817 tot
1059 2760 1145 2820 rebus
1167 2761 1236 2838 ipsis

153 2866 213 2910 use
230 2851 437 2910 inmutantibus
456 2850 524 2908 solis
540 2867 676 2908 accessus
696 2850 901 2928 discessusque
921 2853 1047 2914 solstitiis
1067 2856 1235 2934 brumisque
1249 2885 1274 2922 ις

182 2948 343 3027 cognosci?
363 2955 413 3018 aut
434 2956 530 3005 aestus
554 2946 689 3005 maritimi
710 2947 907 3024 fretorumque
929 2952 1079 3025 angustiae
1100 2962 1165 3011 ortu
1186 2965 1237 3013 aut

182 3044 263 3102 obitu
278 3044 362 3101 lunae
378 3043 578 3101 commoveri?
597 3052 720 3133 autqna
733 3044 822 3102 totius
837 3045 910 3103 caeli
923 3047 1115 3107 conversione
1137 3068 1236 3108 cursus

183 3150 324 3198 astrorum
338 3139 467 3214 dispares
482 3139 673 3197 conservari?
709 3141 796 3198 Haec
818 3140 857 3199 ita
875 3141 937 3199 lieri
957 3144 1094 3203 omnibus
1114 3145 1189 3204 inter
1205 3165 1236 3205 se

183 3234 406 3295 concinentibus
420 3235 522 3294 mundi
536 3237 665 3312 partibus
679 3237 813 3312 profecto
827 3256 888 3297 non
902 3251 1032 3314 possent,
1048 3241 1103 3300 nisi
1120 3260 1156 3301 ea
1177 3263 1236 3302 uno

144 3331 282 3391 andivino
303 3341 332 3390 et
353 3333 523 3391 continuato
544 3333 645 3408 spiritu
666 3334 893 3394 continerentur.
936 3337 1033 3412 Atque
1064 3337 1138 3396 haec
1167 3358 1235 3399 cum
1250 3373 1275 3410 ,ο

146 3480 148 3486 .
182 3429 298 3488 uberius
325 3428 510 3504 disputantur
536 3440 566 3488 et
592 3419 691 3502 fusius,
719 3441 752 3489 ut
780 3432 851 3490 mihi
878 3442 923 3492 est
949 3434 979 3491 in
1007 3435 1115 3494 animo¹
1131 3437 1236 3509 facere,

182 3526 292 3584 facilius
311 3514 461 3601 'effugiunt
488 3526 734 3585 Academicorum
762 3528 957 3603 calumniam;
979 3550 1048 3591 cum
1073 3543 1180 3606 autem,
1205 3548 1237 3595 ut

181 3624 261 3680 Zeno
275 3622 397 3692 solebat,
412 3622 526 3680 brevius
541 3622 748 3698 angustiusque
763 3623 987 3698 concluduntur,
1009 3636 1072 3687 tum
1092 3632 1237 3705 apertiora

181 3717 306 3776 suntad
326 3716 574 3793 reprendendum.
616 3717 694 3775 Nam
715 3727 748 3776 ut
767 3720 914 3794 profluens
934 3723 1028 3780 amnis
1050 3734 1098 3782 aut
1119 3726 1167 3784 vix
1186 3737 1236 3785 aut

145 3814 260 3871 lnullo
290 3813 391 3884 modo,
419 3812 560 3870 conclusa
593 3821 692 3870 autem
726 3830 803 3888 aqua
836 3815 919 3874 facile
955 3821 1164 3894 conrumpitur,
1193 3823 1235 3881 sic
1250 3851 1273 3888 ,ς
