2932 4364
233 376 290 442 152
556 374 605 425 na
626 332 772 425 uarum
794 372 954 424 naoaun.

227 529 359 591 bandum
383 527 474 590 deum
499 547 563 590 esse
587 529 782 603 conlinnaret,
807 528 969 589 Herculem
986 513 1128 606 negaret:
1155 527 1254 605 ‘Ergo
1263 527 1282 602 ’,

184 609 331 719 {linqua
346 629 437 689 ‘maur
450 628 629 701 Alabandus,
644 628 697 688 nn
712 628 856 688 Hercules
877 628 913 687 sn
933 628 1060 709 ianuar
1102 627 1156 687 ura
1172 638 1281 702 autem,

229 729 329 800 Balbe,
343 745 420 803 quae
434 735 465 785 tu
479 745 498 784 a
515 726 598 785 caelo
618 725 760 802 astrisque
781 724 920 798 ducebas,
935 743 1025 802 quam
1045 726 1133 801 longe
1154 735 1281 801 serpant,

228 843 289 883 non
313 823 417 883 vides?
465 825 563 882 Solem
588 822 679 881 deum
707 840 771 881 esse
798 823 981 898 Lunamque,
1006 841 1132 897 qnorum
1159 823 1282 882 alterum

228 921 395 998 Apollinem
410 920 525 992 Graeci,
541 920 661 977 alteram
679 919 807 977 Dianam
827 928 940 994 putant.
983 918 1097 993 Quodsi
1120 919 1205 978 Luna
1225 918 1282 977 dea
1301 942 1314 981 s

228 1029 282 1089 est,
296 1035 366 1092 ergo
387 1017 476 1075 etiam
499 1017 615 1074 Lucifer
636 1024 810 1091 ceteraeque
832 1025 961 1074 errantes
981 1033 1136 1074 numerum
1158 1015 1282 1074 deorum

229 1114 403 1173 obtinebunt
413 1133 422 1186 ;
444 1114 529 1189 igitur
542 1113 631 1171 etiam
645 1112 815 1171 inerrantes.
857 1112 919 1171 Cur
936 1122 1035 1171 autem
1055 1112 1147 1188 Arqui
1167 1112 1283 1188 species

228 1229 289 1270 non
303 1210 467 1269 iudeorum
478 1229 602 1269 numero
616 1211 795 1286 reponatur?
813 1218 857 1268 est
871 1210 950 1268 enim
960 1209 1102 1286 pulcher3
1120 1218 1149 1267 et
1160 1210 1200 1269 ob
1214 1228 1281 1268 earn

229 1326 357 1379 causam,
372 1308 440 1382 quia
460 1308 590 1383 speciem
613 1307 719 1365 habeat
739 1305 949 1379 admirabilem,
968 1306 1154 1365 Thaumante
1176 1306 1283 1365 dicitur

228 1405 289 1463 In's
303 1422 367 1463 esse
382 1413 459 1462 nata.
500 1404 591 1463 Cuius
606 1404 630 1462 si
644 1402 743 1462 divina
756 1413 859 1461 natura
873 1413 926 1475 est,
941 1401 1013 1478 quid
1027 1403 1116 1462 iacies
1135 1404 1282 1462 nubibus?
1296 1429 1321 1457 ιο

228 1502 320 1559 Arcus
342 1500 420 1558 enim
445 1501 508 1576 ipse
529 1518 546 1558 e
567 1499 693 1559 nubibus
714 1500 837 1558 efficitur
857 1499 988 1576 quodam
1011 1498 1104 1558 modo
1124 1489 1260 1558 coloratis
1271 1519 1280 1572 ;

180 1661 188 1677 ο
228 1615 352 1672 quarum
366 1615 425 1655 una
438 1597 527 1655 etiam
541 1597 705 1656 Centauros
722 1597 871 1674 peperisse
892 1594 1006 1656 dicitur.
1049 1596 1166 1671 Quodsi
1186 1597 1281 1656 nubes

229 1694 371 1752 rettuleris
399 1694 429 1752 in
457 1693 539 1765 deos,
563 1692 734 1751 referendae
762 1702 841 1751 certe
870 1703 954 1751 erunt
981 1702 1179 1769 tempestates,
1204 1711 1282 1768 quae

230 1790 331 1866 populi
352 1790 480 1848 Romani
501 1789 601 1848 ritibus
623 1800 811 1848 consecratae
830 1798 907 1849 sunt.
950 1790 1029 1866 Ergo
1048 1790 1164 1860 imbres,
1180 1790 1281 1863 nimbi,

230 1887 386 1963 procellae,
412 1888 541 1945 turbines
566 1885 615 1944 dei
639 1886 771 1962 putandi.
815 1887 914 1945 Nostri
939 1887 1061 1962 quidem
1085 1887 1177 1947 duces
1201 1906 1281 1946 mare
1295 1908 1319 1948 aa

192 1981 426 2058 reingredientes
447 1983 587 2040 inmolare
601 1983 726 2041 hostiam
740 1981 875 2042 fluctibus
889 1993 1077 2043 consuemnt.
1120 1986 1184 2042 Iam
1198 1985 1222 2043 si
1237 1995 1283 2043 est

231 2081 321 2139 Ceres
343 2099 360 2138 a
380 2079 510 2155 gerendo
530 2080 586 2157 (ita
605 2080 684 2138 enim
705 2079 853 2156 dicebas),
870 2091 945 2138 terra
965 2080 1028 2156 ipsa
1049 2080 1106 2139 dea
1126 2092 1171 2140 est
1191 2092 1222 2140 et
1242 2083 1283 2140 ita

231 2174 371 2249 habetur;
400 2193 475 2251 quae
499 2185 543 2234 est
565 2177 643 2233 enim
666 2176 721 2234 alia
741 2177 861 2236 Tellus?
902 2177 952 2236 Sin
974 2186 1057 2249 terra,
1080 2195 1159 2236 mare
1182 2178 1281 2251 etiam,

230 2288 320 2345 quem
332 2272 504 2346 Neptunum
518 2289 582 2328 esse
594 2271 712 2329 dicebas
724 2292 732 2343 3
748 2281 858 2347 ergoet
872 2273 992 2330 humina
1005 2283 1035 2330 et
1048 2273 1154 2332 sontes.
1177 2275 1281 2348 Itaque

231 2375 261 2425 et
276 2367 376 2425 Fontis
395 2366 546 2426 delubrum
562 2368 648 2425 Maso
669 2385 706 2425 ex
726 2367 847 2450 Corsica
867 2367 1024 2439 dedicavit,
1039 2378 1069 2427 et
1090 2369 1120 2427 in
1140 2387 1282 2444 augurum
1294 2389 1321 2418 ω

231 2464 399 2538 precatione
413 2464 592 2535 Tiberinum,
608 2464 777 2539 Spinonem,
790 2464 956 2537 Almonem,
968 2465 1131 2538 Nodinum,
1145 2467 1201 2524 alia
1214 2484 1281 2542 pro-

231 2560 406 2636 pinquorum
421 2561 572 2643 fluminum
587 2563 706 2620 nomina
719 2561 862 2622 videmus.
896 2564 974 2640 Ergo
989 2563 1046 2622 hoc
1061 2573 1111 2622 aut
1124 2563 1154 2622 in
1168 2563 1282 2622 inmen-

231 2677 297 2718 sum
319 2668 425 2734 serpet,
444 2668 494 2717 aut
511 2659 583 2717 nihil
603 2658 707 2719 horum
726 2661 910 2737 recipiemus,
930 2680 988 2720 nec
1009 2661 1057 2720 illa
1077 2662 1189 2720 infinita
1208 2663 1282 2721 ratio

231 2757 442 2832 superstitionis
460 2756 638 2831 probabitur.
681 2759 761 2817 Nihil
780 2778 850 2836 ergo
869 2759 973 2819 horum
993 2759 1179 2835 probandum
1198 2770 1251 2819 est.

188 2830 223 2937 ἓξ
273 2855 414 2912 Dicamus
438 2853 532 2926 igitur,
557 2854 656 2924 Balbe,
682 2865 798 2930 oportet
822 2867 925 2915 contra
948 2857 1011 2915 illos
1036 2857 1133 2929 etiam,
1156 2857 1206 2931 qui
1227 2857 1282 2916 hos
1296 2880 1320 2919 *a

231 2948 304 3007 deos
332 2967 369 3006 ex
393 2949 545 3006 hominum
569 2967 675 3022 genere
704 2951 733 3007 in
758 2951 871 3010 caelum
899 2953 1051 3010 translatos
1077 2971 1138 3011 non
1162 2971 1203 3024 re,
1229 2952 1282 3012 sed

232 3046 371 3120 opinione
394 3063 458 3103 esse
480 3045 592 3117 dicunt,
611 3063 686 3121 quos
708 3056 829 3121 auguste
853 3066 957 3106 omnes
981 3057 1141 3123 sancteque
1163 3066 1282 3107 venera-

233 3161 305 3201 mur.
347 3141 494 3218 Principio
517 3143 602 3200 Ioves
623 3152 680 3201 tres
699 3154 854 3203 numerant
871 3145 898 3216 ii,
913 3146 964 3220 qui
983 3145 1111 3221 theologi
1128 3146 1282 3205 nominan-

232 3250 287 3311 tur,
302 3256 339 3297 ex
359 3239 464 3314 quibus
486 3240 612 3316 primum
634 3250 662 3298 et
684 3240 848 3300 secundum
867 3253 951 3301 natos
966 3243 995 3300 in
1010 3244 1146 3316 Arcadia,
1160 3245 1282 3305 alterum

232 3346 313 3413 patre
341 3335 476 3409 Aethere,
503 3355 540 3403 en
567 3355 626 3412 quo
655 3338 743 3397 etiam
772 3340 974 3414 Proserpinam
1001 3349 1100 3400 natam
1131 3341 1225 3400 lerunt
1253 3353 1283 3399 et
1296 3362 1322 3401 ao

233 3433 379 3504 Liberum,
396 3434 517 3492 alterum
536 3443 617 3508 patre
639 3434 740 3506 Cae10,
755 3436 805 3510 qui
826 3436 959 3510 genuisse
982 3438 1147 3496 Minervam
1168 3438 1283 3511 dicitur,

232 3547 320 3603 quam
352 3530 514 3605 principem
546 3540 576 3587 et
607 3531 795 3590 inventricem
827 3533 894 3590 belli
929 3533 1032 3605 ferunt,
1064 3536 1180 3594 tertium
1212 3535 1282 3595 Cre-

231 3635 354 3697 tensem,
380 3626 493 3685 Saturni
521 3627 621 3699 tilium,
647 3629 728 3686 cuius
754 3629 783 3686 in
807 3630 854 3686 illa
878 3629 971 3688 insula
994 3631 1161 3704 sepulcrum
1185 3643 1282 3691 osten·

231 3721 317 3780 ditur.
359 3722 527 3798 Διόσκουροι
541 3723 628 3781 etiam
643 3725 723 3799 apud
737 3725 841 3782 Graios
856 3725 952 3783 multis
972 3726 1068 3784 modis
1087 3729 1282 3787 nominantur.

232 3817 320 3876 Primi
340 3826 407 3890 tres,
422 3818 473 3894 qui
493 3819 677 3897 appellantur
689 3822 805 3880 Anaces
819 3819 951 3895 Athenis,
966 3837 1004 3880 ex
1023 3838 1092 3898 rege
1115 3824 1187 3882 Iove
1208 3825 1281 3884 anti·
1296 3846 1321 3885 as
