2932 4364
169 355 210 436 78
276 405 278 410 .
441 353 445 370 ¹
497 367 546 416 nu
567 367 713 417 unauna
732 365 892 415 nuonuu.

169 518 239 584 tion,
253 518 343 574 which
355 535 411 573 was
423 517 492 587 used
505 517 535 571 in
548 518 594 571 the
607 515 760 588 beginning
772 516 804 571 of
819 516 865 571 the
880 523 1024 587 argument
1036 524 1065 570 to
1078 531 1162 585 prove
1175 515 1223 569 the

169 607 309 661 existence
321 605 354 661 ol
367 606 413 660 the
425 605 507 677 gods,
522 604 545 657 is
557 603 639 675 again
658 603 820 658 introduced
839 602 903 657 here
922 611 951 657 to
969 602 1047 656 show
1065 602 1112 656 the
1130 601 1223 656 divine

170 710 231 748 care
250 693 375 748 tormen
396 690 582 762 (162,163)¹;
607 689 662 744 this
677 706 738 743 care
757 689 780 743 is
798 689 895 743 shown
914 696 942 744 to
961 689 995 743 be
1014 689 1155 743 bestowed
1175 698 1223 743 not

170 781 236 852 onlp
249 796 327 848 upon
345 779 391 832 the
410 778 513 832 human
531 793 593 830 race
612 777 641 830 in
658 776 769 846 general
794 775 844 829 but
861 792 935 844 upon
954 783 1079 843 separate
1098 774 1223 844 portions

159 865 225 919 and
238 881 314 933 upon
326 862 492 917 individuals
515 863 588 924 who,
602 862 682 914 when
694 859 898 930 distinguished
912 859 954 913 lor
965 860 1119 914 excellence
1135 859 1224 913 above

171 950 242 1004 their
254 950 368 1013 lellows,
383 948 452 1002 have
465 948 544 1002 owed
557 947 578 1001 it
590 943 690 1017 chiefly
706 954 736 1000 to
750 945 797 999 the
816 945 880 1014 help
898 945 930 999 ot
945 945 992 999 the
1011 945 1136 1017 lavoring
1153 946 1224 1017 gods
1286 989 1288 993 .

174 1037 338 1109 (164-167).
377 1037 409 1090 ln
422 1034 583 1089 conclusion
609 1033 711 1106 Balbus
726 1032 837 1086 exhorts
850 1033 933 1086 Cotta
946 1041 975 1086 to
987 1032 1087 1086 devote
1106 1031 1149 1085 his
1167 1032 1225 1086 dia·

171 1124 251 1179 lectic
263 1123 325 1178 skill
337 1123 393 1178 and
406 1123 556 1192 eloquence
569 1121 661 1176 rather
677 1129 706 1175 to
722 1119 768 1174 the
787 1119 900 1174 detence
913 1118 946 1174 ol
961 1119 1038 1174 these
1051 1119 1134 1173 views
1158 1119 1225 1173 than

172 1220 201 1266 to
214 1211 261 1265 the
273 1209 444 1265 destruction
457 1208 489 1263 of
498 1209 545 1263 the
558 1207 644 1262 belief
653 1208 682 1261 in
695 1207 741 1261 the
753 1206 825 1278 gods
840 1207 934 1277 (168).
1238 1219 1240 1225 ·

209 1396 218 1432 1
233 1398 268 1442 As
278 1397 325 1442 this
336 1380 404 1455 point
420 1396 439 1441 is
455 1396 512 1453 only
524 1395 608 1452 briefly
620 1394 725 1440 touched
741 1406 808 1451 upon
825 1392 890 1447 here,
903 1392 990 1438 Cicero
1004 1392 1049 1437 has
1063 1393 1155 1438 treated
1170 1393 1187 1437 lt
1202 1399 1227 1438 at

171 1471 251 1528 length
266 1470 290 1515 in
301 1471 341 1515 the
355 1469 423 1515 book
434 1469 472 1514 De
484 1469 644 1522 Divinatione,
654 1468 732 1512 where
749 1466 786 1513 his
803 1467 901 1512 brother
911 1465 1015 1524 Quintus
1024 1466 1091 1524 gives
1105 1467 1146 1512 the
1160 1467 1227 1512 Stoic

172 1544 230 1589 view
247 1545 295 1588 and
306 1545 336 1588 he
348 1541 444 1588 himself
451 1542 491 1586 the
501 1542 641 1586 Academic.
812 1536 815 1544 “

139 2046 170 2105 s
1161 2049 1164 2053 .

96 2048 352 2350 §QUAE
372 2185 441 2225 cum
461 2165 551 2227 Cotta
570 2165 698 2238 dixisset,
715 2176 778 2226 tum
798 2167 944 2228 Velleius:
967 2168 1015 2227 Ne
1039 2185 1105 2245 ego,
1125 2167 1228 2244 inquit,

286 2263 429 2334 incautus,
444 2263 495 2338 qui
513 2280 582 2320 cum
595 2262 777 2321 Academico
793 2272 823 2320 et
837 2263 945 2322 eodem
959 2265 1074 2340 rhetore
1089 2264 1229 2340 congredi

177 2369 300 2416 conatus
314 2358 389 2417 siml
432 2359 510 2416 Nam
524 2375 621 2433 neque
642 2356 813 2417 indisertum
833 2358 1046 2418 Academicum
1066 2361 1229 2436 pertimuis-
1280 2359 1281 2362 ’

177 2472 240 2513 sem
260 2472 318 2513 nec
337 2454 398 2513 sine
421 2455 475 2513 ista
496 2453 682 2531 philosophia
703 2453 850 2514 rhetorem
868 2457 1001 2531 quamvis
1023 2457 1210 2532 eloquentem
1220 2477 1229 2531 3

178 2569 275 2627 neque
289 2551 368 2610 enim
382 2550 501 2610 flumine
516 2553 675 2610 conturbor
689 2552 819 2611 inanium
832 2553 987 2612 verborum
1001 2572 1058 2613 nec
1074 2554 1230 2613 subtilitate
1249 2576 1261 2616 s

179 2650 396 2720 sententiarum,
408 2649 431 2708 si
447 2649 584 2709 orationis
598 2660 643 2709 est
656 2650 779 2711 siccitas.
820 2651 867 2709 Tu
881 2663 988 2725 autem,
1001 2652 1098 2725 Cotta,
1109 2663 1230 2729 utraque

145 2767 150 2787 ·
178 2766 209 2807 re
222 2746 354 2820 valuisti;
375 2765 485 2805 corona
499 2747 551 2806 tibi
565 2758 595 2806 et
615 2747 728 2816 iudices
749 2748 913 2808 defuerunt.
955 2750 1013 2809 Sed
1027 2749 1067 2809 ad
1085 2752 1139 2810 ista
1152 2752 1231 2824 alias,

146 2857 258 2903 nrumc
282 2844 436 2916 Lucilium,
457 2845 482 2902 si
505 2845 560 2920 ipsi
581 2845 773 2904 commodum
795 2856 848 2918 est,
863 2846 1024 2907 audiamus.
1065 2849 1142 2908 Tum
1164 2849 1231 2907 Bal-

160 2941 251 2999 ‘busz
283 2940 421 3000 Eundem
457 2941 596 3017 equidem
632 2943 731 3001 malim
767 2942 867 3001 audire
904 2943 1032 3016 Cottam,
1064 2944 1148 3033 dum,¹
1173 2963 1233 3021 qua

180 3038 347 3123 eloquentia
360 3037 447 3101 salsos
461 3036 534 3096 deos
549 3038 670 3109 sustulit,
686 3039 792 3098 eadem
806 3057 889 3098 veros
904 3040 1032 3100 inducat.
1075 3043 1129 3100 Est
1153 3043 1232 3100 enim
1246 3069 1270 3097 ιο

121 3194 124 3201 Ι
180 3139 209 3185 et
223 3127 388 3204 philosophi
403 3138 435 3187 et
446 3129 594 3204 pontificis
609 3139 639 3187 et
653 3129 758 3189 Cottae
779 3130 818 3188 de
839 3130 884 3189 dis
905 3131 1104 3191 inmortalibus
1125 3132 1232 3190 habere

179 3242 240 3282 non
261 3235 405 3283 errantem
426 3234 456 3283 et
476 3243 589 3300 vagam,
610 3235 642 3284 ut
663 3226 843 3298 Academici,
863 3227 925 3303 sed,
941 3236 972 3285 ut
985 3216 1085 3301 nostri,
1100 3229 1232 3288 stabilem

180 3331 349 3397 certamque
367 3321 550 3380 sententiam.
594 3323 672 3380 Nam
692 3333 795 3381 eontra
817 3324 977 3399 Epicurum
998 3325 1066 3383 satis
1087 3343 1232 3402 superque

180 3417 294 3475 dictum
308 3427 361 3476 est.
403 3417 462 3477 Sed
476 3435 550 3476 aveo
564 3417 675 3490 audire,
690 3427 721 3476 tu
733 3419 804 3494 ipse,
821 3421 918 3491 Cotta,
933 3419 1005 3496 quid
1018 3422 1135 3482 sentias.
1177 3424 1232 3494 An,

181 3515 283 3588 inquit,
312 3514 418 3573 oblitus
446 3532 487 3586 es,
518 3514 590 3589 quid
620 3515 702 3572 initio
733 3514 865 3587 dixerim,
896 3516 1006 3575 facilius
1044 3536 1101 3589 me,
1130 3519 1233 3578 talibus
1249 3549 1272 3587 ις

180 3611 350 3687 praesertim
371 3611 409 3669 de
430 3611 526 3682 rebus,
546 3610 618 3686 quid
639 3629 699 3669 non
717 3612 864 3692 sentirem,
884 3630 973 3688 quam
994 3614 1065 3689 quid
1087 3617 1233 3686 sentirem,

148 3725 269 3787 etposse
284 3707 404 3766 dicere?
445 3707 560 3781 Quodsi
582 3707 719 3766 haberem
741 3708 859 3784 aliquid,
881 3709 962 3784 quod
983 3711 1114 3786 liqueret,
1135 3721 1235 3771 tamen

109 3858 113 3866 .
182 3814 211 3862 te
226 3803 353 3861 vicissim
367 3803 467 3861 audire
481 3803 595 3874 vellem,
610 3822 679 3862 cum
693 3804 755 3880 ipse
776 3815 837 3863 tam
858 3806 949 3864 multa
968 3805 1116 3866 dixissem.
1157 3809 1235 3868 Tum
