<?xml version="1.0" encoding="UTF-8"?>
<!DOCTYPE html PUBLIC "-//W3C//DTD XHTML 1.0 Transitional//EN"
    "http://www.w3.org/TR/xhtml1/DTD/xhtml1-transitional.dtd">
<html xmlns="http://www.w3.org/1999/xhtml" xml:lang="en" lang="en">
 <head>
  <title>
</title>
<meta http-equiv="Content-Type" content="text/html;charset=utf-8" />
  <meta name='ocr-system' content='tesseract 3.04.00' />
  <meta name='ocr-capabilities' content='ocr_page ocr_carea ocr_par ocr_line ocrx_word'/>
</head>
<body>
  <div class='ocr_page' id='page_1' title='image "./mtulliiciceroni02schgoog/mtulliiciceroni02schgoog_0062.png"; bbox 0 0 2932 4364; ppageno 0'>
   <div class='ocr_carea' id='block_1_1' title="bbox 518 421 1319 489">
    <p class='ocr_par' dir='ltr' id='par_1_1' title="bbox 518 421 1319 489">
     <span class='ocr_line' id='line_1_1' title="bbox 518 421 1319 489; baseline 0 -17"><span class='ocrx_word' id='word_1_1' title='bbox 518 422 584 473; x_wconf 82' lang='lat' dir='ltr'><strong>ms.</strong></span> <span class='ocrx_word' id='word_1_2' title='bbox 601 422 623 473; x_wconf 88' lang='lat'><strong>1.</strong></span> <span class='ocrx_word' id='word_1_3' title='bbox 656 423 717 473; x_wconf 71' lang='lat' dir='ltr'><strong>cn.</strong></span> <span class='ocrx_word' id='word_1_4' title='bbox 729 423 901 484; x_wconf 86' lang='lat' dir='ltr'><strong>xx1,xx11.</strong></span> <span class='ocrx_word' id='word_1_5' title='bbox 935 422 965 487; x_wconf 66' lang='lat'><strong>55</strong></span> <span class='ocrx_word' id='word_1_6' title='bbox 978 421 1067 489; x_wconf 56' lang='lat'><strong>53⁴⁰·</strong></span> <span class='ocrx_word' id='word_1_7' title='bbox 1275 422 1319 486; x_wconf 89' lang='lat'><strong>49</strong></span> 
     </span>
    </p>
   </div>
   <div class='ocr_carea' id='block_1_2' title="bbox 268 550 1320 884">
    <p class='ocr_par' dir='ltr' id='par_1_2' title="bbox 268 550 1320 860">
     <span class='ocr_line' id='line_1_2' title="bbox 268 550 1317 649; baseline -0.004 -15"><span class='ocrx_word' id='word_1_8' title='bbox 268 574 354 634; x_wconf 90' lang='lat' dir='ltr'><strong>soluti</strong></span> <span class='ocrx_word' id='word_1_9' title='bbox 372 583 403 634; x_wconf 93' lang='lat' dir='ltr'><strong>et</strong></span> <span class='ocrx_word' id='word_1_10' title='bbox 422 550 451 634; x_wconf 88' lang='lat' dir='ltr'><strong>in</strong></span> <span class='ocrx_word' id='word_1_11' title='bbox 472 574 634 634; x_wconf 88' lang='lat' dir='ltr'><strong>libertatem</strong></span> <span class='ocrx_word' id='word_1_12' title='bbox 648 573 787 634; x_wconf 86' lang='lat' dir='ltr'><strong>vindicati</strong></span> <span class='ocrx_word' id='word_1_13' title='bbox 807 592 864 633; x_wconf 90' lang='lat' dir='ltr'><strong>nec</strong></span> <span class='ocrx_word' id='word_1_14' title='bbox 885 574 1041 634; x_wconf 91' lang='lat' dir='ltr'><strong>metuimus</strong></span> <span class='ocrx_word' id='word_1_15' title='bbox 1065 591 1126 645; x_wconf 89' lang='lat' dir='ltr'><strong>eos,</strong></span> <span class='ocrx_word' id='word_1_16' title='bbox 1141 590 1215 649; x_wconf 92' lang='lat' dir='ltr'><strong>quos</strong></span> <span class='ocrx_word' id='word_1_17' title='bbox 1236 571 1317 631; x_wconf 89' lang='lat' dir='ltr'><strong>intel·</strong></span> 
     </span>
     <span class='ocr_line' id='line_1_3' title="bbox 268 670 1320 748; baseline -0.003 -19"><span class='ocrx_word' id='word_1_18' title='bbox 268 671 390 748; x_wconf 89' lang='lat' dir='ltr'><strong>legimus</strong></span> <span class='ocrx_word' id='word_1_19' title='bbox 403 689 459 729; x_wconf 93' lang='lat' dir='ltr'><strong>nec</strong></span> <span class='ocrx_word' id='word_1_20' title='bbox 473 670 528 730; x_wconf 85' lang='lat' dir='ltr'><strong>sibi</strong></span> <span class='ocrx_word' id='word_1_21' title='bbox 542 672 653 747; x_wconf 87' lang='lat' dir='ltr'><strong>fingere</strong></span> <span class='ocrx_word' id='word_1_22' title='bbox 667 670 754 728; x_wconf 89' lang='lat' dir='ltr'><strong>ullam</strong></span> <span class='ocrx_word' id='word_1_23' title='bbox 769 671 933 730; x_wconf 86' lang='lat' dir='ltr'><strong>molestiam</strong></span> <span class='ocrx_word' id='word_1_24' title='bbox 953 689 1011 728; x_wconf 88' lang='lat' dir='ltr'><strong>nec</strong></span> <span class='ocrx_word' id='word_1_25' title='bbox 1032 670 1113 728; x_wconf 88' lang='lat' dir='ltr'><strong>alteri</strong></span> <span class='ocrx_word' id='word_1_26' title='bbox 1127 686 1275 745; x_wconf 87' lang='lat' dir='ltr'>quaerere,</span> <span class='ocrx_word' id='word_1_27' title='bbox 1290 677 1320 727; x_wconf 91' lang='lat' dir='ltr'><strong>et</strong></span> 
     </span>
     <span class='ocr_line' id='line_1_4' title="bbox 268 767 1319 884; baseline -0.003 -57"><span class='ocrx_word' id='word_1_28' title='bbox 268 769 316 843; x_wconf 92' lang='lat' dir='ltr'><strong>pie</strong></span> <span class='ocrx_word' id='word_1_29' title='bbox 331 776 489 844; x_wconf 74' lang='lat' dir='ltr'><strong>sancteque</strong></span> <span class='ocrx_word' id='word_1_30' title='bbox 504 769 627 884; x_wconf 77' lang='lat' dir='ltr'><strong>colipms</strong></span> <span class='ocrx_word' id='word_1_31' title='bbox 641 776 773 826; x_wconf 89' lang='lat' dir='ltr'><strong>naturam</strong></span> <span class='ocrx_word' id='word_1_32' title='bbox 794 767 986 826; x_wconf 84' lang='lat' dir='ltr'>excellentem</span> <span class='ocrx_word' id='word_1_33' title='bbox 1007 777 1095 843; x_wconf 90' lang='lat' dir='ltr'><strong>atque</strong></span> <span class='ocrx_word' id='word_1_34' title='bbox 1116 776 1319 842; x_wconf 87' lang='lat' dir='ltr'>praestantem.</span> 
     </span>
    </p>
   </div>
   <div class='ocr_carea' id='block_1_3' title="bbox 163 843 1392 3922">
    <p class='ocr_par' dir='ltr' id='par_1_3' title="bbox 237 843 1392 1131">
     <span class='ocr_line' id='line_1_5' title="bbox 268 843 1319 1019; baseline -0.003 -95"><span class='ocrx_word' id='word_1_35' title='bbox 268 864 328 924; x_wconf 84' lang='lat' dir='ltr'><strong>Sed</strong></span> <span class='ocrx_word' id='word_1_36' title='bbox 341 864 436 924; x_wconf 89' lang='lat' dir='ltr'><strong>elatus</strong></span> <span class='ocrx_word' id='word_1_37' title='bbox 446 863 525 923; x_wconf 90' lang='lat' dir='ltr'><strong>stud</strong></span> <span class='ocrx_word' id='word_1_38' title='bbox 513 843 565 1019; x_wconf 45' lang='lat' dir='ltr'><strong>a?</strong></span> <span class='ocrx_word' id='word_1_39' title='bbox 557 883 660 923; x_wconf 87' lang='lat' dir='ltr'><strong>vereor</strong></span> <span class='ocrx_word' id='word_1_40' title='bbox 673 883 710 922; x_wconf 89' lang='lat' dir='ltr'><strong>ne</strong></span> <span class='ocrx_word' id='word_1_41' title='bbox 725 865 838 940; x_wconf 87' lang='lat' dir='ltr'><strong>longior</strong></span> <span class='ocrx_word' id='word_1_42' title='bbox 851 865 963 924; x_wconf 82' lang='lat' dir='ltr'><strong>fuerim.</strong></span> <span class='ocrx_word' id='word_1_43' title='bbox 1006 864 1077 922; x_wconf 87' lang='lat' dir='ltr'>Erat</span> <span class='ocrx_word' id='word_1_44' title='bbox 1090 872 1188 921; x_wconf 86' lang='lat' dir='ltr'><strong>autem</strong></span> <span class='ocrx_word' id='word_1_45' title='bbox 1202 862 1319 922; x_wconf 87' lang='lat' dir='ltr'><strong>difficile</strong></span> 
     </span>
     <span class='ocr_line' id='line_1_6' title="bbox 237 959 1319 1036; baseline -0.001 -18"><span class='ocrx_word' id='word_1_46' title='bbox 237 979 329 1020; x_wconf 85' lang='lat' dir='ltr'><strong>srem</strong></span> <span class='ocrx_word' id='word_1_47' title='bbox 350 970 461 1019; x_wconf 88' lang='lat' dir='ltr'>tantam</span> <span class='ocrx_word' id='word_1_48' title='bbox 482 970 512 1018; x_wconf 92' lang='lat' dir='ltr'><strong>ta</strong></span> <span class='ocrx_word' id='word_1_49' title='bbox 543 979 600 1036; x_wconf 90' lang='lat' dir='ltr'><strong>que</strong></span> <span class='ocrx_word' id='word_1_50' title='bbox 621 961 801 1036; x_wconf 90' lang='lat' dir='ltr'><strong>praeclaram</strong></span> <span class='ocrx_word' id='word_1_51' title='bbox 825 960 993 1019; x_wconf 84' lang='lat' dir='ltr'><strong>inchoatam</strong></span> <span class='ocrx_word' id='word_1_52' title='bbox 1014 959 1196 1035; x_wconf 90' lang='lat' dir='ltr'><strong>relinquere;</strong></span> <span class='ocrx_word' id='word_1_53' title='bbox 1218 977 1319 1034; x_wconf 91' lang='lat' dir='ltr'><strong>quam·</strong></span> 
     </span>
     <span class='ocr_line' id='line_1_7' title="bbox 268 1054 1392 1131; baseline -0.003 -17"><span class='ocrx_word' id='word_1_54' title='bbox 268 1074 357 1131; x_wconf 89' lang='lat' dir='ltr'><strong>quam</strong></span> <span class='ocrx_word' id='word_1_55' title='bbox 371 1074 432 1114; x_wconf 90' lang='lat' dir='ltr'><strong>non</strong></span> <span class='ocrx_word' id='word_1_56' title='bbox 446 1066 505 1114; x_wconf 90' lang='lat' dir='ltr'><strong>tam</strong></span> <span class='ocrx_word' id='word_1_57' title='bbox 520 1055 640 1115; x_wconf 89' lang='lat' dir='ltr'><strong>dicendi</strong></span> <span class='ocrx_word' id='word_1_58' title='bbox 653 1057 726 1115; x_wconf 91' lang='lat' dir='ltr'><strong>ratio</strong></span> <span class='ocrx_word' id='word_1_59' title='bbox 741 1055 812 1114; x_wconf 94' lang='lat' dir='ltr'><strong>mihi</strong></span> <span class='ocrx_word' id='word_1_60' title='bbox 830 1054 969 1130; x_wconf 90' lang='lat' dir='ltr'><strong>habenda</strong></span> <span class='ocrx_word' id='word_1_61' title='bbox 981 1056 1035 1112; x_wconf 84' lang='lat' dir='ltr'><strong>suit</strong></span> <span class='ocrx_word' id='word_1_62' title='bbox 1048 1073 1137 1130; x_wconf 90' lang='lat' dir='ltr'><strong>quam</strong></span> <span class='ocrx_word' id='word_1_63' title='bbox 1151 1054 1289 1113; x_wconf 89' lang='lat' dir='ltr'><strong>audiendi</strong></span> <span class='ocrx_word' id='word_1_64' title='bbox 1391 1079 1392 1082; x_wconf 39' lang='lat'>¹</span> 
     </span>
    </p>

    <p class='ocr_par' dir='ltr' id='par_1_4' title="bbox 231 1151 1357 1901">
     <span class='ocr_line' id='line_1_8' title="bbox 272 1151 1357 1237; baseline -0.002 -27"><span class='ocrx_word' id='word_1_65' title='bbox 272 1215 275 1219; x_wconf 54' lang='grc'>,</span> <span class='ocrx_word' id='word_1_66' title='bbox 307 1153 384 1211; x_wconf 91' lang='lat' dir='ltr'><strong>Tum</strong></span> <span class='ocrx_word' id='word_1_67' title='bbox 406 1153 494 1212; x_wconf 86' lang='lat' dir='ltr'><strong>Cotta</strong></span> <span class='ocrx_word' id='word_1_68' title='bbox 514 1153 645 1224; x_wconf 91' lang='lat' dir='ltr'><strong>comiter,</strong></span> <span class='ocrx_word' id='word_1_69' title='bbox 659 1162 692 1211; x_wconf 93' lang='lat' dir='ltr'><strong>ut</strong></span> <span class='ocrx_word' id='word_1_70' title='bbox 712 1152 843 1211; x_wconf 88' lang='lat' dir='ltr'><strong>solebat:</strong></span> <span class='ocrx_word' id='word_1_71' title='bbox 865 1151 964 1226; x_wconf 84' lang='lat' dir='ltr'><strong>Atqui,</strong></span> <span class='ocrx_word' id='word_1_72' title='bbox 979 1151 1081 1227; x_wconf 91' lang='lat' dir='ltr'><strong>inquit,</strong></span> <span class='ocrx_word' id='word_1_73' title='bbox 1095 1151 1197 1222; x_wconf 93' lang='lat' dir='ltr'><strong>Vellei,</strong></span> <span class='ocrx_word' id='word_1_74' title='bbox 1211 1152 1266 1209; x_wconf 84' lang='lat' dir='ltr'><strong>nisr</strong></span> <span class='ocrx_word' id='word_1_75' title='bbox 1332 1195 1357 1237; x_wconf 56' lang='grc' dir='ltr'><strong>Μ</strong></span> 
     </span>
     <span class='ocr_line' id='line_1_9' title="bbox 268 1247 1319 1324; baseline -0.002 -18"><span class='ocrx_word' id='word_1_76' title='bbox 268 1247 379 1324; x_wconf 89' lang='lat' dir='ltr'><strong>aliquid</strong></span> <span class='ocrx_word' id='word_1_77' title='bbox 400 1248 531 1320; x_wconf 87' lang='lat' dir='ltr'><strong>dixisses,</strong></span> <span class='ocrx_word' id='word_1_78' title='bbox 554 1249 625 1306; x_wconf 92' lang='lat' dir='ltr'><strong>nihil</strong></span> <span class='ocrx_word' id='word_1_79' title='bbox 652 1267 723 1306; x_wconf 90' lang='lat' dir='ltr'><strong>sane</strong></span> <span class='ocrx_word' id='word_1_80' title='bbox 751 1266 788 1306; x_wconf 90' lang='lat' dir='ltr'><strong>ex</strong></span> <span class='ocrx_word' id='word_1_81' title='bbox 815 1265 864 1305; x_wconf 91' lang='lat' dir='ltr'><strong>me</strong></span> <span class='ocrx_word' id='word_1_82' title='bbox 890 1247 1011 1322; x_wconf 91' lang='lat' dir='ltr'><strong>quidem</strong></span> <span class='ocrx_word' id='word_1_83' title='bbox 1039 1247 1140 1305; x_wconf 90' lang='lat' dir='ltr'><strong>audire</strong></span> <span class='ocrx_word' id='word_1_84' title='bbox 1167 1247 1319 1322; x_wconf 88' lang='lat' dir='ltr'><strong>potuisses.</strong></span> 
     </span>
     <span class='ocr_line' id='line_1_10' title="bbox 269 1335 1320 1418; baseline -0.001 -17"><span class='ocrx_word' id='word_1_85' title='bbox 269 1342 343 1402; x_wconf 91' lang='lat' dir='ltr'><strong>Mihi</strong></span> <span class='ocrx_word' id='word_1_86' title='bbox 358 1343 437 1401; x_wconf 91' lang='lat' dir='ltr'><strong>enim</strong></span> <span class='ocrx_word' id='word_1_87' title='bbox 451 1361 512 1401; x_wconf 90' lang='lat' dir='ltr'><strong>non</strong></span> <span class='ocrx_word' id='word_1_88' title='bbox 525 1353 586 1401; x_wconf 91' lang='lat' dir='ltr'><strong>tam</strong></span> <span class='ocrx_word' id='word_1_89' title='bbox 600 1343 684 1401; x_wconf 83' lang='lat' dir='ltr'><strong>facile</strong></span> <span class='ocrx_word' id='word_1_90' title='bbox 699 1344 734 1401; x_wconf 91' lang='lat' dir='ltr'><strong>in</strong></span> <span class='ocrx_word' id='word_1_91' title='bbox 755 1335 886 1401; x_wconf 86' lang='lat' dir='ltr'><strong>mentem</strong></span> <span class='ocrx_word' id='word_1_92' title='bbox 900 1344 998 1402; x_wconf 85' lang='lat' dir='ltr'><strong>venire</strong></span> <span class='ocrx_word' id='word_1_93' title='bbox 1020 1343 1102 1414; x_wconf 91' lang='lat' dir='ltr'><strong>solet,</strong></span> <span class='ocrx_word' id='word_1_94' title='bbox 1117 1360 1206 1418; x_wconf 89' lang='lat' dir='ltr'><strong>quare</strong></span> <span class='ocrx_word' id='word_1_95' title='bbox 1220 1360 1320 1400; x_wconf 88' lang='lat' dir='ltr'><strong>verum</strong></span> 
     </span>
     <span class='ocr_line' id='line_1_11' title="bbox 231 1437 1319 1514; baseline -0.002 -18"><span class='ocrx_word' id='word_1_96' title='bbox 231 1460 257 1488; x_wconf 82' lang='grc' dir='ltr'><strong>ιο</strong></span> <span class='ocrx_word' id='word_1_97' title='bbox 268 1439 305 1496; x_wconf 94' lang='lat' dir='ltr'><strong>sit</strong></span> <span class='ocrx_word' id='word_1_98' title='bbox 317 1437 436 1514; x_wconf 91' lang='lat' dir='ltr'><strong>aliquid,</strong></span> <span class='ocrx_word' id='word_1_99' title='bbox 450 1456 539 1512; x_wconf 92' lang='lat' dir='ltr'><strong>quam</strong></span> <span class='ocrx_word' id='word_1_100' title='bbox 553 1455 642 1512; x_wconf 89' lang='lat' dir='ltr'><strong>quare</strong></span> <span class='ocrx_word' id='word_1_101' title='bbox 656 1438 779 1510; x_wconf 81' lang='lat' dir='ltr'><strong>salsum3</strong></span> <span class='ocrx_word' id='word_1_102' title='bbox 802 1437 891 1513; x_wconf 92' lang='lat' dir='ltr'><strong>idque</strong></span> <span class='ocrx_word' id='word_1_103' title='bbox 912 1457 981 1496; x_wconf 92' lang='lat' dir='ltr'><strong>cum</strong></span> <span class='ocrx_word' id='word_1_104' title='bbox 1002 1455 1100 1513; x_wconf 89' lang='lat' dir='ltr'><strong>saepe,</strong></span> <span class='ocrx_word' id='word_1_105' title='bbox 1114 1447 1185 1508; x_wconf 90' lang='lat' dir='ltr'><strong>tum,</strong></span> <span class='ocrx_word' id='word_1_106' title='bbox 1201 1455 1270 1494; x_wconf 91' lang='lat' dir='ltr'><strong>cum</strong></span> <span class='ocrx_word' id='word_1_107' title='bbox 1290 1445 1319 1494; x_wconf 94' lang='lat' dir='ltr'><strong>te</strong></span> 
     </span>
     <span class='ocr_line' id='line_1_12' title="bbox 268 1524 1318 1611; baseline -0.002 -19"><span class='ocrx_word' id='word_1_108' title='bbox 268 1524 409 1605; x_wconf 87' lang='lat' dir='ltr'><strong>audirem,</strong></span> <span class='ocrx_word' id='word_1_109' title='bbox 424 1533 512 1609; x_wconf 90' lang='lat' dir='ltr'><strong>paulo</strong></span> <span class='ocrx_word' id='word_1_110' title='bbox 525 1543 593 1592; x_wconf 90' lang='lat' dir='ltr'><strong>ante</strong></span> <span class='ocrx_word' id='word_1_111' title='bbox 609 1533 740 1609; x_wconf 89' lang='lat' dir='ltr'><strong>contigit.</strong></span> <span class='ocrx_word' id='word_1_112' title='bbox 782 1535 884 1611; x_wconf 89' lang='lat' dir='ltr'><strong>Roges</strong></span> <span class='ocrx_word' id='word_1_113' title='bbox 897 1552 955 1606; x_wconf 91' lang='lat' dir='ltr'><strong>me,</strong></span> <span class='ocrx_word' id='word_1_114' title='bbox 970 1534 1087 1610; x_wconf 93' lang='lat' dir='ltr'><strong>qualem</strong></span> <span class='ocrx_word' id='word_1_115' title='bbox 1101 1541 1233 1591; x_wconf 89' lang='lat' dir='ltr'><strong>naturam</strong></span> <span class='ocrx_word' id='word_1_116' title='bbox 1248 1531 1318 1590; x_wconf 89' lang='lat' dir='ltr'><strong>deo-</strong></span> 
     </span>
     <span class='ocr_line' id='line_1_13' title="bbox 267 1628 1319 1707; baseline -0.002 -17"><span class='ocrx_word' id='word_1_117' title='bbox 267 1649 332 1690; x_wconf 91' lang='lat' dir='ltr'><strong>rum</strong></span> <span class='ocrx_word' id='word_1_118' title='bbox 352 1647 416 1690; x_wconf 89' lang='lat' dir='ltr'><strong>esse</strong></span> <span class='ocrx_word' id='word_1_119' title='bbox 431 1628 548 1702; x_wconf 89' lang='lat' dir='ltr'><strong>ducam,</strong></span> <span class='ocrx_word' id='word_1_120' title='bbox 563 1629 635 1688; x_wconf 91' lang='lat' dir='ltr'><strong>nihil</strong></span> <span class='ocrx_word' id='word_1_121' title='bbox 655 1630 775 1690; x_wconf 83' lang='lat' dir='ltr'><strong>sortasse</strong></span> <span class='ocrx_word' id='word_1_122' title='bbox 795 1629 1011 1707; x_wconf 89' lang='lat' dir='ltr'><strong>respondeam;</strong></span> <span class='ocrx_word' id='word_1_123' title='bbox 1034 1648 1165 1706; x_wconf 87' lang='lat' dir='ltr'><strong>quaeras,</strong></span> <span class='ocrx_word' id='word_1_124' title='bbox 1179 1639 1319 1705; x_wconf 88' lang='lat' dir='ltr'><strong>putemne</strong></span> 
     </span>
     <span class='ocr_line' id='line_1_14' title="bbox 254 1725 1320 1803; baseline -0.001 -17"><span class='ocrx_word' id='word_1_125' title='bbox 254 1727 356 1786; x_wconf 81' lang='lat' dir='ltr'><strong>&#39;talem</strong></span> <span class='ocrx_word' id='word_1_126' title='bbox 370 1744 444 1799; x_wconf 91' lang='lat' dir='ltr'><strong>esse,</strong></span> <span class='ocrx_word' id='word_1_127' title='bbox 459 1727 551 1802; x_wconf 90' lang='lat' dir='ltr'><strong>qualis</strong></span> <span class='ocrx_word' id='word_1_128' title='bbox 565 1726 657 1787; x_wconf 93' lang='lat' dir='ltr'><strong>modo</strong></span> <span class='ocrx_word' id='word_1_129' title='bbox 671 1746 689 1786; x_wconf 91' lang='lat' dir='ltr'><strong>a</strong></span> <span class='ocrx_word' id='word_1_130' title='bbox 701 1737 731 1786; x_wconf 90' lang='lat' dir='ltr'><strong>te</strong></span> <span class='ocrx_word' id='word_1_131' title='bbox 746 1729 781 1787; x_wconf 91' lang='lat' dir='ltr'><strong>sit</strong></span> <span class='ocrx_word' id='word_1_132' title='bbox 795 1728 935 1803; x_wconf 85' lang='lat' dir='ltr'><strong>exposita,</strong></span> <span class='ocrx_word' id='word_1_133' title='bbox 950 1727 1022 1786; x_wconf 91' lang='lat' dir='ltr'><strong>nihil</strong></span> <span class='ocrx_word' id='word_1_134' title='bbox 1035 1726 1133 1786; x_wconf 91' lang='lat' dir='ltr'><strong>dicam</strong></span> <span class='ocrx_word' id='word_1_135' title='bbox 1148 1726 1219 1785; x_wconf 92' lang='lat' dir='ltr'><strong>mihi</strong></span> <span class='ocrx_word' id='word_1_136' title='bbox 1228 1725 1320 1785; x_wconf 88' lang='lat' dir='ltr'><strong>videri</strong></span> 
     </span>
     <span class='ocr_line' id='line_1_15' title="bbox 268 1822 1321 1901; baseline -0.001 -19"><span class='ocrx_word' id='word_1_137' title='bbox 268 1824 374 1883; x_wconf 92' lang='lat' dir='ltr'><strong>minus.</strong></span> <span class='ocrx_word' id='word_1_138' title='bbox 416 1823 475 1884; x_wconf 89' lang='lat' dir='ltr'><strong>Sed</strong></span> <span class='ocrx_word' id='word_1_139' title='bbox 497 1833 675 1901; x_wconf 91' lang='lat' dir='ltr'><strong>antequam</strong></span> <span class='ocrx_word' id='word_1_140' title='bbox 699 1823 853 1901; x_wconf 89' lang='lat' dir='ltr'><strong>adgrediar</strong></span> <span class='ocrx_word' id='word_1_141' title='bbox 874 1823 913 1884; x_wconf 91' lang='lat' dir='ltr'><strong>ad</strong></span> <span class='ocrx_word' id='word_1_142' title='bbox 935 1842 980 1896; x_wconf 91' lang='lat' dir='ltr'><strong>ea,</strong></span> <span class='ocrx_word' id='word_1_143' title='bbox 995 1842 1071 1899; x_wconf 90' lang='lat' dir='ltr'><strong>quae</strong></span> <span class='ocrx_word' id='word_1_144' title='bbox 1091 1842 1110 1881; x_wconf 93' lang='lat' dir='ltr'><strong>a</strong></span> <span class='ocrx_word' id='word_1_145' title='bbox 1129 1833 1159 1882; x_wconf 90' lang='lat' dir='ltr'><strong>te</strong></span> <span class='ocrx_word' id='word_1_146' title='bbox 1174 1822 1321 1900; x_wconf 89' lang='lat' dir='ltr'><strong>disputata</strong></span> 
     </span>
    </p>

    <p class='ocr_par' dir='ltr' id='par_1_5' title="bbox 233 1919 1358 2386">
     <span class='ocr_line' id='line_1_16' title="bbox 233 1919 1358 2006; baseline 0.004 -32"><span class='ocrx_word' id='word_1_147' title='bbox 233 1945 257 1985; x_wconf 73' lang='lat' dir='ltr'><strong>rs</strong></span> <span class='ocrx_word' id='word_1_148' title='bbox 269 1929 345 1994; x_wconf 86' lang='lat' dir='ltr'><strong>sunt,</strong></span> <span class='ocrx_word' id='word_1_149' title='bbox 360 1920 399 2006; x_wconf 84' lang='lat' dir='ltr'><strong>de</strong></span> <span class='ocrx_word' id='word_1_150' title='bbox 420 1930 450 2006; x_wconf 84' lang='lat' dir='ltr'><strong>te</strong></span> <span class='ocrx_word' id='word_1_151' title='bbox 471 1920 536 1998; x_wconf 92' lang='lat' dir='ltr'><strong>ipso</strong></span> <span class='ocrx_word' id='word_1_152' title='bbox 550 1920 647 1981; x_wconf 89' lang='lat' dir='ltr'><strong>dicam</strong></span> <span class='ocrx_word' id='word_1_153' title='bbox 662 1921 734 1999; x_wconf 92' lang='lat' dir='ltr'><strong>quid</strong></span> <span class='ocrx_word' id='word_1_154' title='bbox 755 1922 887 1982; x_wconf 91' lang='lat' dir='ltr'><strong>sentiam.</strong></span> <span class='ocrx_word' id='word_1_155' title='bbox 929 1923 1022 1998; x_wconf 89' lang='lat' dir='ltr'><strong>Saepe</strong></span> <span class='ocrx_word' id='word_1_156' title='bbox 1037 1921 1117 1981; x_wconf 91' lang='lat' dir='ltr'><strong>enim</strong></span> <span class='ocrx_word' id='word_1_157' title='bbox 1131 1919 1170 1980; x_wconf 88' lang='lat' dir='ltr'><strong>de</strong></span> <span class='ocrx_word' id='word_1_158' title='bbox 1190 1921 1320 1980; x_wconf 81' lang='lat' dir='ltr'><strong>familiari</strong></span> <span class='ocrx_word' id='word_1_159' title='bbox 1332 1937 1358 1979; x_wconf 80' lang='lat' dir='ltr'><strong>as</strong></span> 
     </span>
     <span class='ocr_line' id='line_1_17' title="bbox 269 2017 1320 2096; baseline 0 -19"><span class='ocrx_word' id='word_1_160' title='bbox 269 2018 318 2078; x_wconf 93' lang='lat' dir='ltr'><strong>illo</strong></span> <span class='ocrx_word' id='word_1_161' title='bbox 330 2029 382 2078; x_wconf 91' lang='lat' dir='ltr'><strong>tuo</strong></span> <span class='ocrx_word' id='word_1_162' title='bbox 396 2017 498 2078; x_wconf 88' lang='lat' dir='ltr'><strong>videor</strong></span> <span class='ocrx_word' id='word_1_163' title='bbox 511 2019 636 2092; x_wconf 87' lang='lat' dir='ltr'><strong>audisse,</strong></span> <span class='ocrx_word' id='word_1_164' title='bbox 651 2039 720 2079; x_wconf 91' lang='lat' dir='ltr'><strong>cum</strong></span> <span class='ocrx_word' id='word_1_165' title='bbox 740 2029 769 2078; x_wconf 91' lang='lat' dir='ltr'><strong>te</strong></span> <span class='ocrx_word' id='word_1_166' title='bbox 789 2021 895 2096; x_wconf 90' lang='lat' dir='ltr'><strong>togatis</strong></span> <span class='ocrx_word' id='word_1_167' title='bbox 908 2019 1044 2078; x_wconf 91' lang='lat' dir='ltr'><strong>omnibus</strong></span> <span class='ocrx_word' id='word_1_168' title='bbox 1058 2019 1120 2078; x_wconf 89' lang='lat' dir='ltr'><strong>sine</strong></span> <span class='ocrx_word' id='word_1_169' title='bbox 1135 2018 1226 2078; x_wconf 93' lang='lat' dir='ltr'><strong>dubio</strong></span> <span class='ocrx_word' id='word_1_170' title='bbox 1240 2027 1320 2078; x_wconf 90' lang='lat' dir='ltr'><strong>ante·</strong></span> 
     </span>
     <span class='ocr_line' id='line_1_18' title="bbox 269 2110 1320 2198; baseline 0.001 -25"><span class='ocrx_word' id='word_1_171' title='bbox 269 2110 355 2174; x_wconf 82' lang='lat' dir='ltr'><strong>ferret</strong></span> <span class='ocrx_word' id='word_1_172' title='bbox 375 2123 406 2174; x_wconf 94' lang='lat' dir='ltr'><strong>et</strong></span> <span class='ocrx_word' id='word_1_173' title='bbox 428 2133 539 2198; x_wconf 90' lang='lat' dir='ltr'><strong>paucos</strong></span> <span class='ocrx_word' id='word_1_174' title='bbox 564 2125 662 2175; x_wconf 88' lang='lat' dir='ltr'><strong>tecum</strong></span> <span class='ocrx_word' id='word_1_175' title='bbox 685 2116 847 2192; x_wconf 89' lang='lat' dir='ltr'><strong>Epicureos</strong></span> <span class='ocrx_word' id='word_1_176' title='bbox 867 2123 884 2174; x_wconf 80' lang='lat' dir='ltr'><strong>&#39;e</strong></span> <span class='ocrx_word' id='word_1_177' title='bbox 906 2115 1031 2176; x_wconf 89' lang='lat' dir='ltr'><strong>Graecia</strong></span> <span class='ocrx_word' id='word_1_178' title='bbox 1052 2122 1243 2190; x_wconf 89' lang='lat' dir='ltr'><strong>compararet,</strong></span> <span class='ocrx_word' id='word_1_179' title='bbox 1257 2113 1320 2187; x_wconf 91' lang='lat' dir='ltr'><strong>sed,</strong></span> 
     </span>
     <span class='ocr_line' id='line_1_19' title="bbox 270 2210 1319 2291; baseline 0.001 -21"><span class='ocrx_word' id='word_1_180' title='bbox 270 2210 352 2289; x_wconf 92' lang='lat' dir='ltr'><strong>quod</strong></span> <span class='ocrx_word' id='word_1_181' title='bbox 366 2212 404 2273; x_wconf 92' lang='lat' dir='ltr'><strong>ab</strong></span> <span class='ocrx_word' id='word_1_182' title='bbox 417 2231 455 2273; x_wconf 93' lang='lat' dir='ltr'><strong>eo</strong></span> <span class='ocrx_word' id='word_1_183' title='bbox 469 2221 498 2272; x_wconf 94' lang='lat' dir='ltr'><strong>te</strong></span> <span class='ocrx_word' id='word_1_184' title='bbox 513 2213 634 2273; x_wconf 88' lang='lat' dir='ltr'><strong>mirifice</strong></span> <span class='ocrx_word' id='word_1_185' title='bbox 645 2211 724 2290; x_wconf 83' lang='lat' dir='ltr'><strong>diligi</strong></span> <span class='ocrx_word' id='word_1_186' title='bbox 743 2213 956 2291; x_wconf 85' lang='lat' dir='ltr'><strong>intellegebam,</strong></span> <span class='ocrx_word' id='word_1_187' title='bbox 968 2211 1126 2272; x_wconf 89' lang='lat' dir='ltr'><strong>arbitrabar</strong></span> <span class='ocrx_word' id='word_1_188' title='bbox 1139 2212 1218 2277; x_wconf 91' lang='lat' dir='ltr'><strong>illum</strong></span> <span class='ocrx_word' id='word_1_189' title='bbox 1232 2230 1319 2289; x_wconf 89' lang='lat' dir='ltr'><strong>prop·</strong></span> 
     </span>
     <span class='ocr_line' id='line_1_20' title="bbox 270 2309 1321 2386; baseline 0 -18"><span class='ocrx_word' id='word_1_190' title='bbox 270 2318 314 2369; x_wconf 93' lang='lat' dir='ltr'><strong>ter</strong></span> <span class='ocrx_word' id='word_1_191' title='bbox 336 2309 562 2370; x_wconf 87' lang='lat' dir='ltr'><strong>benivolentiam</strong></span> <span class='ocrx_word' id='word_1_192' title='bbox 586 2310 703 2369; x_wconf 92' lang='lat' dir='ltr'><strong>uberius</strong></span> <span class='ocrx_word' id='word_1_193' title='bbox 727 2309 759 2369; x_wconf 91' lang='lat' dir='ltr'><strong>id</strong></span> <span class='ocrx_word' id='word_1_194' title='bbox 782 2309 890 2369; x_wconf 89' lang='lat' dir='ltr'><strong>dicere.</strong></span> <span class='ocrx_word' id='word_1_195' title='bbox 933 2312 999 2386; x_wconf 86' lang='lat' dir='ltr'><strong>Ego</strong></span> <span class='ocrx_word' id='word_1_196' title='bbox 1023 2318 1130 2382; x_wconf 88' lang='lat' dir='ltr'><strong>autem,</strong></span> <span class='ocrx_word' id='word_1_197' title='bbox 1145 2309 1200 2369; x_wconf 90' lang='lat' dir='ltr'><strong>etsi</strong></span> <span class='ocrx_word' id='word_1_198' title='bbox 1220 2327 1321 2368; x_wconf 88' lang='lat' dir='ltr'><strong>vereor</strong></span> 
     </span>
    </p>

    <p class='ocr_par' dir='ltr' id='par_1_6' title="bbox 163 2403 1343 2483">
     <span class='ocr_line' id='line_1_21' title="bbox 163 2403 1343 2483; baseline -0.001 -18"><span class='ocrx_word' id='word_1_199' title='bbox 163 2454 165 2457; x_wconf 55' lang='grc'>,</span> <span class='ocrx_word' id='word_1_200' title='bbox 233 2428 259 2457; x_wconf 76' lang='grc' dir='ltr'><strong><em>ω</em></strong></span> <span class='ocrx_word' id='word_1_201' title='bbox 270 2406 388 2482; x_wconf 81' lang='lat' dir='ltr'><strong>laudare</strong></span> <span class='ocrx_word' id='word_1_202' title='bbox 401 2416 595 2483; x_wconf 89' lang='lat' dir='ltr'><strong>praesentem,</strong></span> <span class='ocrx_word' id='word_1_203' title='bbox 610 2405 709 2465; x_wconf 92' lang='lat' dir='ltr'><strong>iudico</strong></span> <span class='ocrx_word' id='word_1_204' title='bbox 729 2403 828 2465; x_wconf 84' lang='lat' dir='ltr'><strong>tamen</strong></span> <span class='ocrx_word' id='word_1_205' title='bbox 842 2405 881 2465; x_wconf 91' lang='lat' dir='ltr'><strong>de</strong></span> <span class='ocrx_word' id='word_1_206' title='bbox 894 2424 926 2464; x_wconf 91' lang='lat' dir='ltr'><strong>re</strong></span> <span class='ocrx_word' id='word_1_207' title='bbox 940 2407 1065 2464; x_wconf 89' lang='lat' dir='ltr'><strong>obscura</strong></span> <span class='ocrx_word' id='word_1_208' title='bbox 1078 2415 1166 2481; x_wconf 91' lang='lat' dir='ltr'><strong>atque</strong></span> <span class='ocrx_word' id='word_1_209' title='bbox 1180 2405 1289 2464; x_wconf 90' lang='lat' dir='ltr'><strong>difficili</strong></span> <span class='ocrx_word' id='word_1_210' title='bbox 1303 2424 1322 2464; x_wconf 84' lang='lat' dir='ltr'><strong>a</strong></span> <span class='ocrx_word' id='word_1_211' title='bbox 1338 2431 1343 2443; x_wconf 82' lang='grc'><em>·</em></span> 
     </span>
    </p>

    <p class='ocr_par' dir='ltr' id='par_1_7' title="bbox 258 2499 1320 2577">
     <span class='ocr_line' id='line_1_22' title="bbox 258 2499 1320 2577; baseline 0 -17"><span class='ocrx_word' id='word_1_212' title='bbox 258 2506 299 2561; x_wconf 85' lang='lat' dir='ltr'><strong>&#39;te</strong></span> <span class='ocrx_word' id='word_1_213' title='bbox 320 2502 433 2562; x_wconf 92' lang='lat' dir='ltr'><strong>dictum</strong></span> <span class='ocrx_word' id='word_1_214' title='bbox 455 2520 519 2561; x_wconf 89' lang='lat' dir='ltr'><strong>esse</strong></span> <span class='ocrx_word' id='word_1_215' title='bbox 540 2499 679 2573; x_wconf 91' lang='lat' dir='ltr'><strong>dilucide,</strong></span> <span class='ocrx_word' id='word_1_216' title='bbox 694 2519 791 2577; x_wconf 90' lang='lat' dir='ltr'><strong>neque</strong></span> <span class='ocrx_word' id='word_1_217' title='bbox 815 2502 967 2560; x_wconf 85' lang='lat' dir='ltr'><strong>sententiis</strong></span> <span class='ocrx_word' id='word_1_218' title='bbox 992 2501 1086 2560; x_wconf 89' lang='lat' dir='ltr'><strong>solum</strong></span> <span class='ocrx_word' id='word_1_219' title='bbox 1111 2501 1241 2576; x_wconf 89' lang='lat' dir='ltr'><strong>copiose,</strong></span> <span class='ocrx_word' id='word_1_220' title='bbox 1265 2501 1320 2561; x_wconf 92' lang='lat' dir='ltr'><strong>sed</strong></span> 
     </span>
    </p>

    <p class='ocr_par' dir='ltr' id='par_1_8' title="bbox 233 2596 1359 2958">
     <span class='ocr_line' id='line_1_23' title="bbox 269 2596 1359 2681; baseline 0 -25"><span class='ocrx_word' id='word_1_221' title='bbox 269 2598 364 2681; x_wconf 86' lang='lat' dir='ltr'><strong>verbis</strong></span> <span class='ocrx_word' id='word_1_222' title='bbox 392 2599 480 2657; x_wconf 88' lang='lat' dir='ltr'><strong>etiam</strong></span> <span class='ocrx_word' id='word_1_223' title='bbox 507 2598 644 2668; x_wconf 91' lang='lat' dir='ltr'><strong>ornatius,</strong></span> <span class='ocrx_word' id='word_1_224' title='bbox 672 2615 761 2673; x_wconf 86' lang='lat' dir='ltr'><strong>quam</strong></span> <span class='ocrx_word' id='word_1_225' title='bbox 788 2596 883 2656; x_wconf 91' lang='lat' dir='ltr'><strong>solent</strong></span> <span class='ocrx_word' id='word_1_226' title='bbox 906 2597 1001 2655; x_wconf 87' lang='lat' dir='ltr'><strong>vestri.</strong></span> <span class='ocrx_word' id='word_1_227' title='bbox 1041 2598 1202 2668; x_wconf 83' lang='lat' dir='ltr'><strong>Zeuonem,</strong></span> <span class='ocrx_word' id='word_1_228' title='bbox 1230 2615 1319 2673; x_wconf 92' lang='lat' dir='ltr'><strong>quem</strong></span> <span class='ocrx_word' id='word_1_229' title='bbox 1332 2614 1359 2656; x_wconf 80' lang='lat' dir='ltr'><strong>sa</strong></span> 
     </span>
     <span class='ocr_line' id='line_1_24' title="bbox 270 2692 1320 2772; baseline -0.001 -20"><span class='ocrx_word' id='word_1_230' title='bbox 270 2692 353 2753; x_wconf 88' lang='lat' dir='ltr'><strong>Philo</strong></span> <span class='ocrx_word' id='word_1_231' title='bbox 367 2703 475 2763; x_wconf 88' lang='lat' dir='ltr'><strong>noster</strong></span> <span class='ocrx_word' id='word_1_232' title='bbox 495 2693 693 2769; x_wconf 85' lang='lat' dir='ltr'><strong>coryphaeum</strong></span> <span class='ocrx_word' id='word_1_233' title='bbox 713 2693 859 2768; x_wconf 90' lang='lat' dir='ltr'><strong>appellare</strong></span> <span class='ocrx_word' id='word_1_234' title='bbox 881 2692 1094 2772; x_wconf 86' lang='lat' dir='ltr'><strong>Epicureorum</strong></span> <span class='ocrx_word' id='word_1_235' title='bbox 1113 2692 1235 2764; x_wconf 87' lang='lat' dir='ltr'><strong>solebat,</strong></span> <span class='ocrx_word' id='word_1_236' title='bbox 1250 2711 1320 2751; x_wconf 93' lang='lat' dir='ltr'><strong>cum</strong></span> 
     </span>
     <span class='ocr_line' id='line_1_25' title="bbox 269 2785 1319 2864; baseline -0.001 -17"><span class='ocrx_word' id='word_1_237' title='bbox 269 2788 392 2847; x_wconf 89' lang='lat' dir='ltr'><strong>Athenis</strong></span> <span class='ocrx_word' id='word_1_238' title='bbox 405 2806 509 2860; x_wconf 90' lang='lat' dir='ltr'><strong>essem,</strong></span> <span class='ocrx_word' id='word_1_239' title='bbox 518 2787 675 2847; x_wconf 90' lang='lat' dir='ltr'><strong>audiebam</strong></span> <span class='ocrx_word' id='word_1_240' title='bbox 689 2789 862 2864; x_wconf 80' lang='lat' dir='ltr'><strong>frequenter,</strong></span> <span class='ocrx_word' id='word_1_241' title='bbox 872 2797 902 2845; x_wconf 92' lang='lat' dir='ltr'><strong>et</strong></span> <span class='ocrx_word' id='word_1_242' title='bbox 911 2785 1032 2862; x_wconf 89' lang='lat' dir='ltr'><strong>quidem</strong></span> <span class='ocrx_word' id='word_1_243' title='bbox 1046 2787 1111 2862; x_wconf 92' lang='lat' dir='ltr'><strong>ipso</strong></span> <span class='ocrx_word' id='word_1_244' title='bbox 1121 2796 1240 2845; x_wconf 90' lang='lat' dir='ltr'><strong>auctore</strong></span> <span class='ocrx_word' id='word_1_245' title='bbox 1252 2787 1319 2846; x_wconf 93' lang='lat' dir='ltr'><strong>Phi-</strong></span> 
     </span>
     <span class='ocr_line' id='line_1_26' title="bbox 233 2882 1319 2958; baseline 0.006 -23"><span class='ocrx_word' id='word_1_246' title='bbox 233 2906 258 2946; x_wconf 71' lang='grc' dir='ltr'><strong>ιε</strong></span> <span class='ocrx_word' id='word_1_247' title='bbox 270 2883 348 2956; x_wconf 92' lang='lat' dir='ltr'><strong>lone,</strong></span> <span class='ocrx_word' id='word_1_248' title='bbox 362 2882 461 2954; x_wconf 92' lang='lat' dir='ltr'><strong>credo,</strong></span> <span class='ocrx_word' id='word_1_249' title='bbox 476 2892 509 2941; x_wconf 91' lang='lat' dir='ltr'><strong>ut</strong></span> <span class='ocrx_word' id='word_1_250' title='bbox 522 2884 632 2942; x_wconf 83' lang='lat' dir='ltr'><strong>facilius</strong></span> <span class='ocrx_word' id='word_1_251' title='bbox 653 2884 823 2956; x_wconf 87' lang='lat' dir='ltr'><strong>iudicarem,</strong></span> <span class='ocrx_word' id='word_1_252' title='bbox 837 2900 927 2958; x_wconf 89' lang='lat' dir='ltr'><strong>quam</strong></span> <span class='ocrx_word' id='word_1_253' title='bbox 947 2883 996 2940; x_wconf 88' lang='lat' dir='ltr'><strong>illa</strong></span> <span class='ocrx_word' id='word_1_254' title='bbox 1014 2882 1091 2941; x_wconf 91' lang='lat' dir='ltr'><strong>bene</strong></span> <span class='ocrx_word' id='word_1_255' title='bbox 1113 2884 1319 2956; x_wconf 82' lang='lat' dir='ltr'><strong>refellerentur,</strong></span> 
     </span>
    </p>

    <p class='ocr_par' dir='ltr' id='par_1_9' title="bbox 233 2976 1370 3441">
     <span class='ocr_line' id='line_1_27' title="bbox 269 2976 1370 3055; baseline -0.006 -17"><span class='ocrx_word' id='word_1_256' title='bbox 269 2997 339 3038; x_wconf 89' lang='lat' dir='ltr'><strong>cum</strong></span> <span class='ocrx_word' id='word_1_257' title='bbox 365 2997 384 3038; x_wconf 90' lang='lat' dir='ltr'><strong>a</strong></span> <span class='ocrx_word' id='word_1_258' title='bbox 410 2979 542 3055; x_wconf 86' lang='lat' dir='ltr'><strong>principe</strong></span> <span class='ocrx_word' id='word_1_259' title='bbox 568 2979 780 3054; x_wconf 88' lang='lat' dir='ltr'><strong>Epicureorum</strong></span> <span class='ocrx_word' id='word_1_260' title='bbox 808 2979 998 3053; x_wconf 90' lang='lat' dir='ltr'><strong>accepissem,</strong></span> <span class='ocrx_word' id='word_1_261' title='bbox 1020 2995 1110 3053; x_wconf 90' lang='lat' dir='ltr'><strong>quem</strong></span> <span class='ocrx_word' id='word_1_262' title='bbox 1134 2976 1320 3038; x_wconf 90' lang='lat' dir='ltr'><strong>admodum</strong></span> <span class='ocrx_word' id='word_1_263' title='bbox 1366 3024 1370 3031; x_wconf 88' lang='lat'><strong>.</strong></span> 
     </span>
     <span class='ocr_line' id='line_1_28' title="bbox 270 3071 1320 3151; baseline 0.001 -19"><span class='ocrx_word' id='word_1_264' title='bbox 270 3073 443 3133; x_wconf 88' lang='lat' dir='ltr'><strong>dicerentur.</strong></span> <span class='ocrx_word' id='word_1_265' title='bbox 486 3075 556 3133; x_wconf 93' lang='lat' dir='ltr'><strong>Non</strong></span> <span class='ocrx_word' id='word_1_266' title='bbox 576 3074 663 3150; x_wconf 88' lang='lat' dir='ltr'><strong>igitur</strong></span> <span class='ocrx_word' id='word_1_267' title='bbox 683 3075 739 3148; x_wconf 93' lang='lat' dir='ltr'><strong>ille,</strong></span> <span class='ocrx_word' id='word_1_268' title='bbox 754 3085 786 3134; x_wconf 93' lang='lat' dir='ltr'><strong>ut</strong></span> <span class='ocrx_word' id='word_1_269' title='bbox 806 3074 947 3151; x_wconf 91' lang='lat' dir='ltr'><strong>plerique,</strong></span> <span class='ocrx_word' id='word_1_270' title='bbox 962 3071 1017 3132; x_wconf 90' lang='lat' dir='ltr'><strong>sed</strong></span> <span class='ocrx_word' id='word_1_271' title='bbox 1039 3074 1095 3132; x_wconf 91' lang='lat' dir='ltr'><strong>isto</strong></span> <span class='ocrx_word' id='word_1_272' title='bbox 1117 3072 1218 3145; x_wconf 92' lang='lat' dir='ltr'><strong>modo,</strong></span> <span class='ocrx_word' id='word_1_273' title='bbox 1233 3083 1266 3132; x_wconf 92' lang='lat' dir='ltr'><strong>ut</strong></span> <span class='ocrx_word' id='word_1_274' title='bbox 1279 3082 1320 3146; x_wconf 93' lang='lat' dir='ltr'><strong>tu,</strong></span> 
     </span>
     <span class='ocr_line' id='line_1_29' title="bbox 270 3169 1320 3247; baseline -0.002 -17"><span class='ocrx_word' id='word_1_275' title='bbox 270 3169 416 3243; x_wconf 91' lang='lat' dir='ltr'><strong>distincte,</strong></span> <span class='ocrx_word' id='word_1_276' title='bbox 436 3171 567 3247; x_wconf 88' lang='lat' dir='ltr'><strong>graviter,</strong></span> <span class='ocrx_word' id='word_1_277' title='bbox 593 3180 703 3243; x_wconf 84' lang='lat' dir='ltr'><strong>ornate.</strong></span> <span class='ocrx_word' id='word_1_278' title='bbox 745 3171 804 3231; x_wconf 88' lang='lat' dir='ltr'><strong>Sed</strong></span> <span class='ocrx_word' id='word_1_279' title='bbox 818 3169 901 3246; x_wconf 90' lang='lat' dir='ltr'><strong>quod</strong></span> <span class='ocrx_word' id='word_1_280' title='bbox 925 3171 955 3229; x_wconf 90' lang='lat' dir='ltr'><strong>in</strong></span> <span class='ocrx_word' id='word_1_281' title='bbox 979 3170 1028 3228; x_wconf 92' lang='lat' dir='ltr'><strong>illo</strong></span> <span class='ocrx_word' id='word_1_282' title='bbox 1052 3169 1124 3228; x_wconf 92' lang='lat' dir='ltr'><strong>mihi</strong></span> <span class='ocrx_word' id='word_1_283' title='bbox 1151 3188 1204 3229; x_wconf 91' lang='lat' dir='ltr'><strong>usu</strong></span> <span class='ocrx_word' id='word_1_284' title='bbox 1232 3188 1320 3247; x_wconf 90' lang='lat' dir='ltr'><strong>saepe</strong></span> 
     </span>
     <span class='ocr_line' id='line_1_30' title="bbox 269 3266 1322 3340; baseline 0 -16"><span class='ocrx_word' id='word_1_285' title='bbox 269 3267 357 3338; x_wconf 89' lang='lat' dir='ltr'><strong>venit,</strong></span> <span class='ocrx_word' id='word_1_286' title='bbox 371 3266 451 3326; x_wconf 90' lang='lat' dir='ltr'><strong>idem</strong></span> <span class='ocrx_word' id='word_1_287' title='bbox 465 3266 566 3340; x_wconf 94' lang='lat' dir='ltr'><strong>modo,</strong></span> <span class='ocrx_word' id='word_1_288' title='bbox 581 3284 650 3325; x_wconf 92' lang='lat' dir='ltr'><strong>cum</strong></span> <span class='ocrx_word' id='word_1_289' title='bbox 664 3276 693 3325; x_wconf 89' lang='lat' dir='ltr'><strong>te</strong></span> <span class='ocrx_word' id='word_1_290' title='bbox 708 3266 848 3340; x_wconf 88' lang='lat' dir='ltr'><strong>audirem,</strong></span> <span class='ocrx_word' id='word_1_291' title='bbox 859 3266 1023 3338; x_wconf 88' lang='lat' dir='ltr'><strong>accidebat,</strong></span> <span class='ocrx_word' id='word_1_292' title='bbox 1036 3275 1068 3324; x_wconf 91' lang='lat' dir='ltr'><strong>ut</strong></span> <span class='ocrx_word' id='word_1_293' title='bbox 1081 3266 1203 3325; x_wconf 92' lang='lat' dir='ltr'><strong>moleste</strong></span> <span class='ocrx_word' id='word_1_294' title='bbox 1217 3266 1322 3325; x_wconf 83' lang='lat' dir='ltr'><strong>ferrem</strong></span> 
     </span>
     <span class='ocr_line' id='line_1_31' title="bbox 233 3361 1322 3441; baseline 0 -19"><span class='ocrx_word' id='word_1_295' title='bbox 233 3391 260 3430; x_wconf 62' lang='grc' dir='ltr'><strong>,ο</strong></span> <span class='ocrx_word' id='word_1_296' title='bbox 270 3371 382 3422; x_wconf 87' lang='lat' dir='ltr'><strong>tantum</strong></span> <span class='ocrx_word' id='word_1_297' title='bbox 396 3364 545 3440; x_wconf 86' lang='lat' dir='ltr'><strong>ingenium</strong></span> <span class='ocrx_word' id='word_1_298' title='bbox 561 3364 655 3441; x_wconf 91' lang='lat' dir='ltr'><strong>(bona</strong></span> <span class='ocrx_word' id='word_1_299' title='bbox 665 3363 750 3422; x_wconf 91' lang='lat' dir='ltr'><strong>venia</strong></span> <span class='ocrx_word' id='word_1_300' title='bbox 763 3381 811 3422; x_wconf 89' lang='lat' dir='ltr'><strong>me</strong></span> <span class='ocrx_word' id='word_1_301' title='bbox 825 3363 943 3440; x_wconf 88' lang='lat' dir='ltr'><strong>audies)</strong></span> <span class='ocrx_word' id='word_1_302' title='bbox 958 3364 988 3422; x_wconf 94' lang='lat' dir='ltr'><strong>in</strong></span> <span class='ocrx_word' id='word_1_303' title='bbox 1002 3373 1063 3422; x_wconf 91' lang='lat' dir='ltr'><strong>tam</strong></span> <span class='ocrx_word' id='word_1_304' title='bbox 1076 3364 1164 3434; x_wconf 89' lang='lat' dir='ltr'><strong>leves,</strong></span> <span class='ocrx_word' id='word_1_305' title='bbox 1175 3380 1213 3422; x_wconf 91' lang='lat' dir='ltr'><strong>ne</strong></span> <span class='ocrx_word' id='word_1_306' title='bbox 1224 3361 1322 3422; x_wconf 89' lang='lat' dir='ltr'><strong>dicam</strong></span> 
     </span>
    </p>

    <p class='ocr_par' dir='ltr' id='par_1_10' title="bbox 230 3445 1361 3729">
     <span class='ocr_line' id='line_1_32' title="bbox 230 3445 1361 3536; baseline 0.003 -19"><span class='ocrx_word' id='word_1_307' title='bbox 230 3445 234 3455; x_wconf 66' lang='grc'>’</span> <span class='ocrx_word' id='word_1_308' title='bbox 271 3460 300 3518; x_wconf 94' lang='lat' dir='ltr'><strong>in</strong></span> <span class='ocrx_word' id='word_1_309' title='bbox 314 3470 374 3518; x_wconf 89' lang='lat' dir='ltr'><strong>tam</strong></span> <span class='ocrx_word' id='word_1_310' title='bbox 388 3460 503 3536; x_wconf 87' lang='lat' dir='ltr'><strong>ineptas</strong></span> <span class='ocrx_word' id='word_1_311' title='bbox 523 3460 680 3519; x_wconf 89' lang='lat' dir='ltr'><strong>sententias</strong></span> <span class='ocrx_word' id='word_1_312' title='bbox 702 3458 848 3518; x_wconf 91' lang='lat' dir='ltr'><strong>incidisse.</strong></span> <span class='ocrx_word' id='word_1_313' title='bbox 891 3458 957 3518; x_wconf 92' lang='lat' dir='ltr'><strong>Nec</strong></span> <span class='ocrx_word' id='word_1_314' title='bbox 971 3477 1028 3536; x_wconf 90' lang='lat' dir='ltr'><strong>ego</strong></span> <span class='ocrx_word' id='word_1_315' title='bbox 1043 3477 1122 3518; x_wconf 89' lang='lat' dir='ltr'><strong>nunc</strong></span> <span class='ocrx_word' id='word_1_316' title='bbox 1136 3459 1199 3535; x_wconf 88' lang='lat' dir='ltr'><strong>ipse</strong></span> <span class='ocrx_word' id='word_1_317' title='bbox 1213 3458 1321 3534; x_wconf 93' lang='lat' dir='ltr'><strong>aliquid</strong></span> <span class='ocrx_word' id='word_1_318' title='bbox 1334 3479 1361 3520; x_wconf 83' lang='lat' dir='ltr'><strong>eo</strong></span> 
     </span>
     <span class='ocr_line' id='line_1_33' title="bbox 270 3554 1321 3628; baseline 0.001 -15"><span class='ocrx_word' id='word_1_319' title='bbox 270 3555 399 3615; x_wconf 88' lang='lat' dir='ltr'><strong>adferam</strong></span> <span class='ocrx_word' id='word_1_320' title='bbox 420 3557 532 3616; x_wconf 91' lang='lat' dir='ltr'><strong>melius.</strong></span> <span class='ocrx_word' id='word_1_321' title='bbox 573 3559 615 3617; x_wconf 94' lang='lat' dir='ltr'><strong>Ut</strong></span> <span class='ocrx_word' id='word_1_322' title='bbox 635 3557 713 3615; x_wconf 90' lang='lat' dir='ltr'><strong>enim</strong></span> <span class='ocrx_word' id='word_1_323' title='bbox 734 3554 827 3614; x_wconf 93' lang='lat' dir='ltr'><strong>modo</strong></span> <span class='ocrx_word' id='word_1_324' title='bbox 847 3554 917 3627; x_wconf 91' lang='lat' dir='ltr'><strong>dixi,</strong></span> <span class='ocrx_word' id='word_1_325' title='bbox 932 3557 1068 3616; x_wconf 90' lang='lat' dir='ltr'><strong>omnibus</strong></span> <span class='ocrx_word' id='word_1_326' title='bbox 1089 3557 1149 3615; x_wconf 87' lang='lat' dir='ltr'><strong>lere</strong></span> <span class='ocrx_word' id='word_1_327' title='bbox 1173 3556 1202 3614; x_wconf 95' lang='lat' dir='ltr'><strong>in</strong></span> <span class='ocrx_word' id='word_1_328' title='bbox 1226 3555 1321 3628; x_wconf 94' lang='lat' dir='ltr'><strong>rebus,</strong></span> 
     </span>
     <span class='ocr_line' id='line_1_34' title="bbox 270 3651 1321 3729; baseline 0 -19"><span class='ocrx_word' id='word_1_329' title='bbox 270 3651 323 3710; x_wconf 94' lang='lat' dir='ltr'><strong>sed</strong></span> <span class='ocrx_word' id='word_1_330' title='bbox 338 3653 464 3712; x_wconf 85' lang='lat' dir='ltr'><strong>maxime</strong></span> <span class='ocrx_word' id='word_1_331' title='bbox 479 3654 509 3711; x_wconf 91' lang='lat' dir='ltr'><strong>in</strong></span> <span class='ocrx_word' id='word_1_332' title='bbox 523 3652 659 3729; x_wconf 86' lang='lat' dir='ltr'><strong>physicis,</strong></span> <span class='ocrx_word' id='word_1_333' title='bbox 675 3651 747 3728; x_wconf 92' lang='lat' dir='ltr'><strong>quid</strong></span> <span class='ocrx_word' id='word_1_334' title='bbox 767 3671 828 3710; x_wconf 92' lang='lat' dir='ltr'><strong>non</strong></span> <span class='ocrx_word' id='word_1_335' title='bbox 843 3652 888 3723; x_wconf 90' lang='lat' dir='ltr'><strong>sit,</strong></span> <span class='ocrx_word' id='word_1_336' title='bbox 903 3652 997 3723; x_wconf 90' lang='lat' dir='ltr'><strong>citius,</strong></span> <span class='ocrx_word' id='word_1_337' title='bbox 1009 3671 1097 3727; x_wconf 91' lang='lat' dir='ltr'><strong>quam</strong></span> <span class='ocrx_word' id='word_1_338' title='bbox 1112 3652 1184 3729; x_wconf 91' lang='lat' dir='ltr'><strong>quid</strong></span> <span class='ocrx_word' id='word_1_339' title='bbox 1198 3653 1243 3724; x_wconf 91' lang='lat' dir='ltr'><strong>sit,</strong></span> <span class='ocrx_word' id='word_1_340' title='bbox 1258 3651 1321 3711; x_wconf 89' lang='lat' dir='ltr'><strong>dix-</strong></span> 
     </span>
    </p>

    <p class='ocr_par' dir='ltr' id='par_1_11' title="bbox 233 3747 1366 3922">
     <span class='ocr_line' id='line_1_35' title="bbox 260 3747 1366 3826; baseline 0.004 -22"><span class='ocrx_word' id='word_1_341' title='bbox 260 3749 351 3809; x_wconf 84' lang='lat' dir='ltr'><strong>erim.</strong></span> <span class='ocrx_word' id='word_1_342' title='bbox 393 3751 494 3826; x_wconf 89' lang='lat' dir='ltr'><strong>Roges</strong></span> <span class='ocrx_word' id='word_1_343' title='bbox 515 3768 571 3822; x_wconf 91' lang='lat' dir='ltr'><strong>me,</strong></span> <span class='ocrx_word' id='word_1_344' title='bbox 586 3748 659 3825; x_wconf 91' lang='lat' dir='ltr'><strong>quid</strong></span> <span class='ocrx_word' id='word_1_345' title='bbox 680 3759 730 3807; x_wconf 92' lang='lat' dir='ltr'><strong>aut</strong></span> <span class='ocrx_word' id='word_1_346' title='bbox 744 3749 829 3823; x_wconf 90' lang='lat' dir='ltr'><strong>quale</strong></span> <span class='ocrx_word' id='word_1_347' title='bbox 851 3749 888 3807; x_wconf 90' lang='lat' dir='ltr'><strong>sit</strong></span> <span class='ocrx_word' id='word_1_348' title='bbox 903 3747 985 3820; x_wconf 90' lang='lat' dir='ltr'><strong>deus,</strong></span> <span class='ocrx_word' id='word_1_349' title='bbox 1001 3759 1120 3809; x_wconf 89' lang='lat' dir='ltr'><strong>auctore</strong></span> <span class='ocrx_word' id='word_1_350' title='bbox 1140 3759 1205 3808; x_wconf 87' lang='lat' dir='ltr'><strong>utar</strong></span> <span class='ocrx_word' id='word_1_351' title='bbox 1227 3749 1366 3815; x_wconf 76' lang='lat' dir='ltr'><strong>Simo-22</strong></span> 
     </span>
     <span class='ocr_line' id='line_1_36' title="bbox 233 3843 1320 3922; baseline 0.002 -19"><span class='ocrx_word' id='word_1_352' title='bbox 233 3870 258 3910; x_wconf 69' lang='lat'><strong>³5</strong></span> <span class='ocrx_word' id='word_1_353' title='bbox 271 3844 349 3918; x_wconf 91' lang='lat' dir='ltr'><strong>nide,</strong></span> <span class='ocrx_word' id='word_1_354' title='bbox 378 3845 416 3905; x_wconf 93' lang='lat' dir='ltr'><strong>de</strong></span> <span class='ocrx_word' id='word_1_355' title='bbox 445 3864 504 3921; x_wconf 90' lang='lat' dir='ltr'><strong>quo</strong></span> <span class='ocrx_word' id='word_1_356' title='bbox 531 3864 601 3904; x_wconf 92' lang='lat' dir='ltr'><strong>cum</strong></span> <span class='ocrx_word' id='word_1_357' title='bbox 628 3845 817 3920; x_wconf 90' lang='lat' dir='ltr'><strong>quaesivisset</strong></span> <span class='ocrx_word' id='word_1_358' title='bbox 845 3844 902 3904; x_wconf 94' lang='lat' dir='ltr'><strong>hoc</strong></span> <span class='ocrx_word' id='word_1_359' title='bbox 930 3843 1009 3902; x_wconf 92' lang='lat' dir='ltr'><strong>idem</strong></span> <span class='ocrx_word' id='word_1_360' title='bbox 1043 3850 1182 3922; x_wconf 86' lang='lat' dir='ltr'><strong>tyrannus</strong></span> <span class='ocrx_word' id='word_1_361' title='bbox 1217 3846 1320 3918; x_wconf 90' lang='lat' dir='ltr'><strong>Hiero,</strong></span> 
     </span>
    </p>
   </div>
   <div class='ocr_carea' id='block_1_4' title="bbox 0 0 1473 4364">
    <p class='ocr_par' dir='ltr' id='par_1_12' title="bbox 0 0 1473 4364">
     <span class='ocr_line' id='line_1_37' title="bbox 0 0 1473 4364; baseline 0 0"><span class='ocrx_word' id='word_1_362' title='bbox 0 0 1473 4364; x_wconf 95' lang='lat' dir='ltr'><strong> </strong></span> 
     </span>
    </p>
   </div>
  </div>
 </body>
</html>
