2932 4364
194 386 235 466 36
520 401 568 450 ou
590 401 735 451 narona
757 400 917 450 osonum

154 567 180 609 ra
192 554 268 632 phos
282 563 312 614 et
325 572 380 632 pro
395 553 530 614 omnibus
551 552 660 613 dicere.
703 551 793 613 Cuius
814 552 855 611 rei
872 562 969 611 tantae
983 562 1103 628 tamque
1117 552 1242 612 difficilis

193 652 360 710 facultatem
383 661 575 709 consecutum
600 668 664 709 esse
693 668 740 709 me
768 667 829 709 non
852 651 1000 727 profiteor,
1023 660 1156 708 secutum
1179 667 1242 707 esse

192 765 262 824 prae
285 765 334 805 me
359 748 429 806 sero.
472 747 538 804 Nec
566 755 664 804 tamen
692 747 753 804 fieri
781 754 887 821 potest,
912 755 953 817 ut,
978 745 1028 821 qui
1052 746 1108 802 hac
1131 746 1242 803 ratione

193 843 482 920 philosophentur,''
464 862 485 900 u
505 842 576 900 nihil
597 843 732 913 babeant,
747 841 829 917 quod
849 851 1015 916 sequantur.
1057 842 1178 900 Dictum
1199 851 1246 901 est

82 983 140 1039 Ἃ
152 961 157 988 v
194 938 376 998 omninode
404 939 459 997 hac
487 955 518 996 re
546 938 602 996 alio
630 938 697 995 loco
718 938 892 1012 diligentius,
914 937 977 1008 sed,
974 937 1067 1012 quia
1090 936 1176 994 nimis
1200 936 1243 993 in·
1264 953 1276 993 s

104 999 306 1094 QXdociles
333 1035 452 1111 quidam
481 1033 614 1108 tardique
646 1043 721 1105 sunt,
749 1031 931 1091 admonendi
957 1032 1092 1091 videntur
1119 1031 1243 1107 saepius.

196 1132 266 1191 Non
286 1131 364 1190 enim
385 1149 485 1189 sumus
506 1130 534 1201 ii,
557 1130 662 1204 quibus
686 1129 758 1187 nihil
777 1147 879 1186 verum
902 1146 966 1187 esse
986 1129 1126 1199 videatur,
1144 1127 1232 1186 sed'‘
1215 1147 1244 1199 u,

194 1228 245 1303 qui
266 1227 402 1285 omnibus
415 1226 489 1284 veris
510 1225 580 1283 salsa
601 1224 748 1299 quaedam
768 1223 907 1282 adiuncta
928 1242 991 1282 esse
1012 1225 1144 1283 dicamus
1164 1233 1248 1298 tanta,

123 1348 129 1356 ·
194 1321 392 1393 similitudine,
406 1329 438 1379 ut
452 1321 482 1378 in
496 1321 531 1379 iis
551 1320 630 1378 nulla
649 1321 717 1377 insit
738 1329 817 1378 certa
837 1319 987 1378 iudicandi
1007 1331 1037 1378 et
1060 1318 1246 1378 adsentiendi

77 1384 145 1477 lui
194 1426 274 1476 nota
317 1418 363 1475 Ex
378 1435 439 1492 quo
456 1416 564 1474 exstitit
585 1415 665 1487 illud,
679 1416 770 1474 multa
784 1433 847 1474 esse
861 1416 1031 1492 probabilia,
1045 1433 1121 1490 quae
1142 1433 1283 1490 quam-10

142 1467 161 1513 Ἥ
195 1532 284 1589 quarn
297 1531 358 1572 non
378 1513 606 1588 perciperentur,
621 1521 729 1585 tamen,
744 1513 813 1588 quia
826 1513 919 1571 visum
941 1511 1091 1589 quendam
1104 1511 1246 1571 haberent

1282 1596 1287 1637 l

83 1575 146 1674 ’ΝΩ
195 1610 338 1686 insignem
352 1620 382 1668 et
391 1610 587 1682 inlustrems
569 1628 603 1667 ns
617 1609 756 1685 sapientis
769 1609 829 1668 vita
842 1620 998 1685 regeretur.
1040 1671 1046 1684 ,
1281 1642 1284 1651 ,

75 1696 158 1818 mi„
157 1688 199 1799 g
237 1706 318 1767 Sed
310 1725 378 1778 ram,
393 1716 425 1764 ut
445 1706 526 1764 omni
545 1724 594 1764 me
616 1706 725 1778 invidia
744 1705 874 1778 liberem,
888 1724 999 1783 ponam
1019 1707 1050 1766 in
1066 1705 1166 1765 medio
1179 1723 1245 1764 sen·
1274 1654 1283 1740 i

81 1869 105 1894 Ἡ,
196 1804 299 1863 tentias
320 1802 563 1881 philosophorum
584 1802 622 1862 de
646 1813 749 1862 natura
772 1803 906 1863 deorum.
948 1804 1016 1878 Quo
1037 1803 1158 1879 quidem
1178 1804 1246 1869 loco

105 1899 381 2015 &convocandi
395 1917 499 1958 ornnes
513 1899 656 1972 videntur,
672 1901 731 1975 qui,
745 1918 822 1975 quae
843 1902 880 1958 sit
900 1918 999 1958 earum
1013 1918 1090 1974 vera,
1104 1899 1244 1959 iudicent.
1259 1916 1283 1956 ιε

97 1972 131 2079 ‘i
195 2004 274 2063 Tum
295 2003 416 2062 demum
436 2003 507 2062 mihi
527 2019 651 2082 procax
658 2001 821 2061 Academia
836 2002 1029 2076 videbitur,
1007 2021 1031 2061 sr
1051 2013 1101 2061 aut
1121 2021 1245 2062 consen-

197 2099 286 2158 serint
308 2117 423 2171 omnes,
448 2108 498 2157 aut
522 2099 577 2157 erit
600 2099 734 2157 inventus
761 2099 873 2174 aliquis,
898 2099 958 2176 qui,
983 2097 1055 2175 quid
1075 2118 1176 2159 verum
1200 2100 1245 2171 sit,

197 2194 348 2254 invenerit
391 2196 495 2269 Itaque
509 2193 582 2252 mihi
595 2193 667 2252 libet
681 2193 854 2267 exclamare,
868 2186 900 2253 ut
914 2203 958 2253 est
967 2195 998 2253 in
1012 2194 1210 2270 Synephebis:

275 2358 344 2416 Pro
368 2317 489 2430 deum,
509 2355 745 2433 popularium
769 2357 942 2426 omnium,
964 2357 1095 2415 Amruum
1118 2355 1250 2456 adule=

839 2451 1019 2508 scentium
1165 2461 1167 2464 ⁴
1260 2473 1286 2501 ω

280 2545 421 2619 Clamo,
442 2545 608 2622 postulo,
630 2545 802 2617 obsecro,
824 2561 902 2616 oro,
923 2545 1030 2620 ploro
1056 2554 1168 2619 atque
1196 2544 1248 2603 in·

840 2641 944 2716 ploro
964 2640 1091 2715 fidem,

200 2826 262 2867 non
274 2807 429 2867 levissuma
443 2807 481 2865 de
497 2824 538 2878 re,
553 2815 586 2864 ut
602 2805 732 2880 queritur
744 2804 791 2863 ille
806 2804 858 2862 ‘in
879 2803 1034 2863 civitate
1055 2804 1141 2864 sieri
1161 2805 1247 2864 saci·

182 2888 289 2961 'nora
310 2903 523 2980 capitalia’:

282 3062 325 3122 ab
349 3061 467 3121 amico
490 3069 633 3119 amante
661 3069 851 3136 argentum
876 3061 1048 3137 accipere
1073 3063 1286 3127 meretrix25

842 3173 914 3214 non
934 3155 1019 3230 vult,

163 3348 189 3391 n
202 3337 256 3398 sed
278 3348 311 3397 ut
334 3336 449 3421 adsint,
464 3344 655 3412 cognoscant,
680 3335 918 3410 animadvertant,
940 3337 1012 3412 quid
1037 3339 1075 3398 de
1099 3339 1247 3414 religione,

201 3435 320 3509 pietate,
333 3434 495 3504 sanctitate,
509 3432 703 3504 caerimoniis,
718 3432 793 3503 fide,
802 3433 862 3490 iure
879 3432 1013 3505 iurando,
1028 3434 1100 3510 quid
1118 3434 1156 3494 de
1175 3444 1248 3493 tem-

201 3529 265 3604 plis,
285 3528 411 3587 delubris
428 3529 634 3602 sacrificiisque
653 3527 850 3599 sollemnibus,
869 3528 941 3602 quid
958 3528 997 3587 de
1016 3530 1085 3603 ipsis
1102 3533 1248 3606 auspiciis,

202 3625 307 3699 quibus
327 3643 381 3683 nos
400 3641 579 3699 praesumus,
594 3622 818 3682 existimandum
836 3625 872 3681 sit
881 3645 890 3697 5
913 3625 986 3682 haec
1004 3626 1084 3684 enim
1097 3628 1198 3685 omnia
1210 3628 1249 3689 ad
1262 3661 1287 3699 ³0

201 3719 279 3776 hanc
299 3718 337 3777 de
358 3718 404 3777 dis
440 3719 640 3777 inmortalibus
665 3719 867 3792 quaestionem
887 3720 1041 3779 reserenda
1061 3731 1150 3789 sunt„
1175 3720 1261 3794 ,ΡτόῇΙ

202 3815 280 3872 secto
299 3831 351 3873 eos
374 3813 463 3889 ipsos,
478 3813 529 3888 qui
551 3830 582 3871 se
605 3810 715 3888 aliquid
739 3813 810 3871 certi
830 3812 938 3872 habere
960 3814 1140 3888 arbitrantur,
1155 3815 1194 3879 ad
1208 3796 1272 3912 ⁶³}
