2932 4364
106 365 255 610 se(
537 393 587 444 us
604 392 751 443 uarum
772 391 933 443 osonum.
960 425 962 428 <

129 378 317 659 sdes
320 548 416 609 omnis
437 547 587 625 discriptio
608 547 735 607 siderum
756 555 843 622 atque
864 545 913 605 hic
933 555 1031 606 tantus
1052 547 1125 607 caeli
1145 538 1264 610 umatus

124 656 128 667 '
211 667 249 707 ex
263 647 433 722 corporibus
447 647 506 725 huc
520 656 550 704 et
570 645 636 703 illuc
657 663 728 703 casu
749 653 779 703 et
800 653 910 704 temere
932 644 1114 704 cursantibus
1134 647 1264 721 potuisse

212 744 289 803 effici
317 743 455 818 cuiquam
483 760 555 800 sano
576 740 667 799 videri
687 742 806 815 potest?
828 750 879 799 aut
898 757 968 799 vero
989 741 1045 798 alia
1065 759 1141 816 quae
1162 753 1265 801 natura

213 839 319 899 mentis
333 849 364 898 et
376 839 494 896 rationis
509 855 613 913 expers
628 838 701 895 haec
720 836 836 896 efficere
857 838 974 912 potuit?
993 855 1069 913 quae
1090 856 1151 895 non
1172 838 1264 896 modo

212 917 245 994 ut
258 936 362 995 fierent
375 935 486 992 ratione
501 941 651 1008 eguerunt,
666 931 718 991 sed
733 931 860 1007 intellegi
879 932 976 1007 qualia
994 933 1053 990 sint
1073 932 1135 991 sine
1149 952 1265 991 summa
1284 952 1296 992 s

213 1031 324 1090 ratione
338 1041 400 1112 non
412 1039 544 1106 possunt.

169 1139 208 1195 45
254 1128 321 1208 Nec
341 1143 411 1184 vero
432 1124 507 1183 baec
533 1122 628 1183 solum
652 1123 842 1196 admirabilia,
864 1123 918 1183 sed
945 1123 1017 1183 nihil
1044 1124 1146 1197 maius,
1175 1143 1264 1200 quam

213 1224 296 1301 quod
310 1223 350 1282 ita
363 1222 472 1282 stabilis
488 1229 534 1281 est
553 1220 681 1281 mundus
701 1230 789 1296 atque
811 1221 852 1281 ita
871 1220 1011 1281 cohaeret
1031 1221 1069 1280 ad
1090 1239 1263 1298 permanen·

214 1320 295 1393 dum,
309 1329 342 1378 ut
356 1318 478 1379 nihilne
492 1317 651 1394 excogitari
666 1317 787 1393 quidem
801 1317 894 1394 possit
907 1319 1013 1394 aptius.
1053 1318 1167 1379 Omnes
1185 1319 1265 1379 enim

213 1426 310 1493 partes
324 1416 386 1475 eius
399 1414 531 1491 undique
545 1413 676 1475 medium
691 1414 791 1474 locum
805 1425 992 1491 capessentes
1005 1415 1137 1475 nituntur
1157 1434 1263 1492 aequa·
1279 1439 1304 1468 ιο

213 1514 285 1573 liter.
327 1512 458 1572 Maxime
473 1523 571 1571 autem
586 1529 710 1588 corpora
730 1511 806 1570 inter
826 1529 858 1570 se
878 1511 979 1570 iuncta
997 1520 1181 1589 permanent,
1196 1532 1265 1573 cum

187 1610 296 1688 ¹squasi
317 1609 447 1687 quodam
467 1609 584 1668 vinculo
612 1607 794 1667 circumdato
815 1609 987 1683 colligantur
997 1629 1006 1683 ;
1034 1609 1117 1684 quod
1137 1610 1206 1669 lacit
1230 1628 1267 1669 ea

213 1717 324 1778 natura,
339 1724 415 1781 quae
430 1723 615 1781 peromnem
631 1704 775 1762 mundum
789 1705 890 1762 omnia
902 1715 1002 1764 mente
1017 1716 1046 1764 et
1059 1706 1172 1765 ratione
1193 1724 1265 1765 con-

214 1804 316 1862 ficiens
343 1801 472 1862 funditur
500 1811 531 1860 et
557 1800 597 1860 ad
624 1799 756 1860 medium
782 1801 859 1876 rapit
885 1810 915 1860 et
948 1804 1091 1861 convertit
1126 1811 1265 1862 extrema

171 1901 372 1978 naQuocirca,
393 1901 418 1959 si
439 1899 567 1959 mundus
587 1898 725 1975 globosus
746 1907 790 1957 est
810 1899 850 1958 ob
871 1917 996 1975 eamque
1018 1917 1138 1959 causam
1161 1918 1265 1960 omnes
1279 1925 1304 1965 ιε

215 2000 277 2059 eius
291 2007 387 2074 partes
401 1996 533 2073 undique
548 1995 715 2071 aequabiles
730 1994 810 2071 ipsae
825 2013 879 2071 per
891 2013 923 2054 se
938 2006 1026 2073 atque
1047 1996 1122 2055 inter
1142 2015 1173 2056 se
1194 2015 1266 2056 con·

215 2097 352 2167 tinemut,
373 2094 543 2169 contingere
563 2092 644 2151 idem
664 2101 758 2151 terrae
778 2109 900 2151 necesse
921 2102 974 2165 est,
996 2102 1028 2151 ut
1048 2094 1183 2152 omnibus
1204 2095 1267 2153 eius
1303 2097 1305 2102 ’

216 2191 345 2268 partibus
359 2191 388 2248 in
402 2189 535 2248 medium
548 2188 733 2263 vergentibus
751 2186 798 2264 (id
812 2198 910 2246 autem
931 2188 1062 2248 medium
1082 2189 1216 2248 infimum
1237 2191 1267 2248 in

217 2287 340 2362 sphaera
353 2285 412 2359 est)
431 2285 502 2343 nihil
516 2285 714 2358 interrumpat,
729 2300 790 2358 quo
803 2281 970 2341 labefactari
984 2285 1076 2358 possit
1094 2292 1175 2342 tanta
1196 2303 1266 2342 con-

216 2383 309 2441 tentio
323 2380 473 2456 'gravitatis
493 2388 523 2438 et
543 2378 719 2454 ponderum.
761 2376 934 2454 Eademque
955 2379 1066 2438 ratione
1087 2398 1177 2453 mare,
1198 2399 1267 2440 cum
1281 2408 1307 2436 ω

217 2495 305 2553 supra
318 2486 423 2535 terram
436 2477 481 2548 sit,
498 2474 629 2533 medium
644 2484 743 2532 tamen
758 2483 851 2532 terrae
865 2475 965 2533 locum
986 2485 1128 2551 expetens
1149 2478 1268 2553 conglo-

141 2624 142 2628 ,
217 2574 302 2633 batur
328 2571 459 2648 undique
487 2571 676 2646 aequabiliter
702 2586 800 2644 neque
827 2570 974 2630 redundat
1000 2590 1141 2648 umquam
1170 2591 1269 2648 neque

174 2668 383 2732 meliunditur.
427 2669 508 2727 Huic
521 2678 620 2726 autem
637 2667 791 2726 continens
812 2669 862 2726 ae'r
882 2668 970 2726 fertur
989 2668 1036 2727 ille
1057 2669 1179 2746 quidem
1199 2670 1268 2728 levi-

144 2753 154 2830 l
218 2777 277 2827 tate
291 2767 425 2837 sublime,
439 2766 494 2824 sed
507 2775 606 2823 tamen
620 2764 651 2823 in
664 2782 769 2822 omnes
778 2751 879 2840 ¹partes
900 2783 931 2823 se
952 2766 1015 2841 ipse
1036 2766 1150 2840 sundit3
1172 2769 1270 2843 itaque

142 2853 144 2857 ’
219 2875 249 2925 et
263 2864 335 2923 mari
349 2863 534 2921 continuatus
555 2871 585 2920 et
606 2862 721 2920 iunctus
742 2870 786 2920 est
806 2871 837 2920 et
857 2852 958 2920 natura
978 2863 1067 2921 fertur
1086 2862 1125 2922 ad
1147 2864 1269 2936 caelum,
1283 2893 1308 2934 25

220 2961 302 3020 cuius
316 2961 456 3019 tenuitate
471 2969 500 3017 et
514 2958 611 3016 calore
626 2967 804 3033 temperatus
816 2952 942 3016 vitalem
963 2967 993 3016 et
1013 2959 1167 3018 salutarem
1188 2961 1269 3035 spiri-

219 3068 281 3118 tum
295 3058 417 3134 praebet
430 3055 633 3115 animantibus.
677 3055 776 3129 Quem
791 3055 946 3130 complexa
966 3074 1081 3114 summa
1100 3075 1167 3132 pars
1188 3057 1270 3129 caeli,

221 3173 297 3231 quae
310 3153 439 3213 aetheria
452 3153 567 3225 dicitur,
582 3162 612 3212 et
626 3171 711 3233 suum
724 3153 829 3212 retinet
847 3152 980 3211 ardorem
1003 3163 1122 3212 tenuem
1143 3164 1173 3213 et
1192 3153 1273 3213 nulla

221 3253 401 3311 admixtione
422 3261 594 3309 concretum
615 3259 645 3309 et
673 3268 741 3308 cum
768 3250 842 3308 adris
869 3251 1050 3309 extremitate
1079 3251 1271 3328 coniungitur.

176 3351 258 3411 tuln
273 3348 391 3407 aethere
405 3357 503 3406 autem
525 3357 600 3405 astra
613 3346 776 3418 volvuntur,
792 3364 867 3421 quae
889 3365 920 3404 se
942 3357 971 3405 et
992 3348 1057 3405 nisu
1077 3367 1131 3406 suo
1152 3350 1272 3424 conglo·
1286 3373 1311 3410 ao

221 3446 290 3504 bata
303 3445 456 3503 continent
470 3453 500 3503 et
513 3444 606 3502 forma
619 3444 682 3519 ipsa
696 3443 845 3519 figuraque
860 3451 913 3502 'sua
927 3454 1078 3503 momenta
1091 3455 1272 3519 sustentant;

222 3551 289 3600 sunt
302 3542 382 3600 enim
395 3541 530 3612 rotunda,
541 3540 646 3616 quibus
659 3540 767 3611 formis,
781 3550 813 3598 ut
827 3550 894 3599 ante
909 3540 1016 3599 dixisse
1029 3540 1140 3614 videor,
1153 3543 1283 3608 minime,

177 3638 323 3702 uanoceri
339 3647 446 3714 potest.
487 3638 568 3697 Sunt
580 3647 678 3696 autem
699 3637 797 3695 stellae
819 3647 920 3695 natura
941 3637 1093 3695 flammeae
1104 3658 1113 3710 ;
1136 3641 1275 3713 quocirca

222 3745 324 3804 terrae,
339 3735 435 3804 maris,
450 3752 590 3808 aquarum
603 3732 757 3808 vaporibus
771 3733 884 3792 aluntur
899 3734 942 3804 iis,
957 3735 1008 3808 qui
1022 3751 1039 3790 a
1060 3734 1121 3791 sole
1143 3753 1180 3793 ex
1200 3735 1274 3809 agris

222 3829 376 3906 tepefactis
400 3838 432 3888 et
458 3846 496 3886 ex
521 3830 604 3904 aquis
631 3829 803 3903 excitantur,
830 3828 935 3904 quibus
959 3829 1034 3887 altae
1059 3840 1273 3906 renovataeque
1287 3850 1311 3890 as
