2932 4364
180 357 221 417 88
508 369 557 418 DE
578 368 724 419 NATURA
746 367 906 418 DEORUM.

178 522 322 599 biliorque
336 529 381 582 est
391 523 484 582 multo
498 522 538 581 ob
552 539 659 597 easque
677 539 778 580 causas
799 521 895 597 aptior
915 519 954 580 ad
975 538 1076 580 sensus
1101 539 1232 581 commo·

178 619 293 680 vendos
307 637 396 695 quam
411 619 459 677 hic
473 628 573 677 noster
585 619 674 690 calor,
688 627 748 693 quo
762 617 847 688 haec,
863 636 939 692 quae
960 627 1030 676 nota
1051 619 1135 677 nobis
1156 629 1232 690 sunt,

141 725 167 768 ⁸1
180 717 340 775 retinentur
354 727 383 775 et
397 717 504 791 vigent.
546 714 713 773 Absurdum
730 714 872 788 igiturest
887 714 994 785 dicere,
1010 707 1078 773 cum
1100 715 1232 773 homines

179 812 350 888 bestiaeque
375 812 434 870 hoc
459 811 554 868 calore
582 819 735 867 teneantur
762 819 791 867 et
819 819 974 885 propterea
1001 821 1171 868 moveantur
1197 829 1233 868 ac

180 909 316 981 sentiant,
331 907 475 966 mundum
489 925 553 965 esse
568 906 630 964 sine
645 923 742 976 sensu,
757 905 807 980 qui
828 905 942 980 integro
956 915 985 963 et
1000 905 1090 964 libero
1109 916 1138 964 et
1159 924 1233 982 puro
1252 928 1264 968 a

169 1002 348 1080 *eodemque
378 1004 520 1063 acerrimo
554 1014 584 1062 et
618 1002 809 1061 mobilissimo
844 1001 946 1059 ardore
963 1011 1122 1072 teneatur,
1150 1020 1232 1078 prae-

163 1162 164 1166 ,
180 1102 279 1160 sertim
294 1120 362 1160 cum
377 1101 401 1160 is
415 1100 511 1173 ardor,
525 1101 576 1176 qui
590 1109 635 1160 est
648 1099 760 1171 mundi,
776 1117 837 1158 non
858 1099 980 1176 agitatus
1001 1100 1038 1158 ab
1059 1100 1116 1158 alio
1137 1117 1232 1175 neque

166 1208 301 1257 ‘externo
315 1199 410 1275 pulsu,
424 1197 478 1256 sed
492 1216 545 1281 per
566 1216 598 1256 se
620 1198 682 1274 ipse
703 1216 739 1256 ac
760 1215 818 1255 sua·
832 1207 938 1273 sponte
954 1208 1112 1256 moveatur.
1155 1197 1233 1255 Nam

179 1294 251 1370 quid
272 1304 369 1371 potest
393 1312 457 1352 esse
482 1293 595 1352 mundo
615 1295 766 1366 valentius,
787 1293 868 1369 quod
893 1294 981 1369 pellat
1005 1304 1092 1369 atque
1116 1306 1233 1353 moveat

136 1369 309 1475 &calorem
335 1390 414 1463 eum,
437 1408 498 1466 quo
525 1390 572 1448 ille
596 1392 750 1450 teneatur?
789 1389 951 1448 Audiamus
977 1391 1054 1448 enim
1081 1392 1232 1450 Platonem
1247 1417 1271 1445 ιο

177 1487 260 1563 quasi
287 1487 437 1563 quendam
466 1485 555 1546 deum
583 1487 824 1564 philosophorum
835 1507 844 1560 ;
880 1487 928 1545 cui
956 1486 1016 1545 duo
1043 1487 1140 1563 placet
1168 1506 1231 1547 esse

176 1594 283 1656 motus,
311 1604 402 1643 unum
430 1603 526 1656 suum,
550 1583 672 1643 alterum
700 1594 861 1656 extemum,
885 1602 947 1642 esse
972 1594 1070 1642 autem
1098 1584 1231 1658 divinius,

177 1680 258 1756 quod
285 1680 381 1756 ipsum
408 1699 446 1738 ex
473 1698 505 1738 se
533 1699 585 1739 sua
612 1691 718 1756 sponte
742 1691 901 1752 moveatur,
924 1699 1014 1755 quam
1038 1681 1120 1756 quod
1146 1683 1232 1758 pulsu

177 1779 300 1854 agitetur
312 1778 417 1838 alieno.
461 1779 554 1836 Hunc
567 1786 666 1838 autem
681 1788 794 1837 motum
815 1778 844 1836 in
859 1777 928 1836 solis
942 1777 1046 1836 animis
1060 1796 1124 1836 esse
1138 1780 1231 1854 ponit,
1298 1857 1299 1860 Ἴ

177 1875 215 1934 ab
229 1875 331 1951 hisque
352 1875 531 1952 principium
551 1884 649 1933 motus
671 1859 741 1933 esse'
755 1874 878 1934 ductum
899 1883 991 1951 putat.
1034 1875 1230 1952 Quapropter,
1244 1904 1269 1943 ις

176 1973 316 2048 quonum
330 1991 368 2032 ex
381 1972 485 2032 mundi
506 1972 610 2030 ardore
632 1983 729 2030 motus
750 1974 845 2032 omnis
867 1973 965 2044 oritur,
980 1972 1004 2032 is
1026 1983 1125 2032 autem
1146 1974 1233 2032 ardor

175 2087 237 2128 non
257 2071 353 2128 alieno
374 2070 499 2146 inpulsu,
514 2067 568 2128 sed
588 2087 642 2128 sua
655 2079 760 2145 sponte
775 2080 917 2142 movetur,
930 2070 1045 2128 animm
1059 2071 1096 2129 sit
1109 2088 1231 2130 necesse

176 2176 240 2240 est3
261 2185 298 2224 ex
311 2185 371 2243 quo
386 2167 509 2263 efficitur
528 2166 709 2225 animantem
730 2184 795 2224 esse
817 2165 969 2226 mundum.
1011 2169 1108 2242 Atque
1123 2185 1160 2225 ex
1173 2168 1231 2226 hoc

176 2279 294 2337 quoque
309 2261 437 2336 intellegi
457 2262 565 2337 poterit
585 2261 616 2318 in
629 2279 667 2318 eo
681 2262 776 2318 inesse
798 2261 1034 2336 intellegentiam,
1048 2262 1130 2338 quod
1151 2274 1230 2321 certe

176 2366 220 2415 est
234 2356 361 2415 mundus
375 2358 478 2415 melior
490 2375 580 2433 quam
602 2356 659 2414 ulla
679 2366 791 2414 natura.
832 2357 874 2416 Ut
896 2358 975 2416 enim
998 2358 1077 2417 nulla
1098 2370 1269 2434 parsrestso

145 2505 150 2516 ,
175 2453 305 2528 corporis
319 2453 419 2526 nostri,
434 2471 510 2529 quae
524 2471 586 2511 non
600 2452 719 2511 minoris
740 2453 785 2525 sit,
799 2471 888 2528 quam
909 2464 1025 2513 nosmet
1045 2455 1100 2530 ipsi
1121 2474 1230 2528 sumus,

175 2549 217 2607 sic
239 2549 383 2608 mundum
404 2549 569 2609 universum
592 2549 680 2626 pluris
705 2567 769 2608 esse
793 2568 915 2608 necesse
939 2561 984 2610 est
1005 2570 1093 2626 quam
1118 2563 1230 2629 partem

175 2647 301 2722 aliquam
316 2647 450 2706 universi.
493 2646 585 2722 Quod
599 2646 623 2705 si
637 2646 678 2705 ita
693 2657 747 2720 est,
761 2647 878 2723 sapiens
898 2647 935 2706 sit
957 2647 1085 2707 mundus
1107 2667 1229 2708 necesse

110 2788 116 2804 .
175 2755 229 2804 est.
271 2745 349 2804 Nam
363 2745 394 2804 ni
407 2745 447 2803 ita
461 2753 547 2818 esset,
562 2743 723 2818 hominem,
738 2745 789 2821 qui
810 2755 854 2804 est
874 2744 978 2804 mundi
999 2763 1074 2821 pars,
1089 2747 1230 2821 quoniam

174 2843 292 2901 rationis
307 2853 350 2901 est
365 2843 521 2919 particeps,
536 2841 624 2918 pluris
646 2860 813 2918 essequam
835 2842 979 2901 mundum
1000 2861 1120 2901 omnem
1142 2861 1229 2921 opor·
1243 2870 1267 2909 ος

106 2909 256 3034 'eret
298 2941 395 3014 Atque
417 2940 513 3011 etiam,
528 2939 552 2996 si
567 2939 697 3015 aprimis
718 2939 920 3015 inchoatisque
939 2939 1047 2997 naturis
1063 2939 1101 2998 ad
1115 2941 1230 3000 ultimas

175 3037 378 3111 perfectasque
404 3036 539 3095 volumus
574 3035 745 3111 procedere,-
774 3035 812 3094 ad
840 3034 963 3094 deorum
998 3045 1130 3095 naturam
1164 3056 1229 3114 per·

147 3191 148 3194 ,
174 3133 324 3191 veniamus
339 3150 461 3190 necesse
476 3142 541 3206 est„
571 3133 699 3191 Primum
713 3132 792 3191 enim
814 3132 1069 3192 animadvertimus
1090 3152 1109 3191 a
1128 3144 1230 3194 natura

175 3230 307 3287 sustineri
329 3247 372 3301 ea,
388 3247 464 3305 quae
479 3230 633 3305 gignantur
654 3248 671 3287 e
692 3240 775 3302 terra,
791 3231 896 3305 quibus
918 3240 1020 3288 natura
1040 3231 1110 3289 nihil
1132 3231 1229 3291 tribuit

135 3325 306 3401 etamplius,
321 3343 410 3400 quam
431 3335 463 3384 ut
484 3344 520 3383 ea
543 3325 651 3384 alendo
675 3336 763 3402 atque
788 3326 925 3402 augendo
947 3337 1083 3386 tueretur,
1125 3329 1229 3386 Bestiis
1242 3352 1267 3390 ³0

175 3430 272 3478 autem
286 3439 405 3480 sensum
419 3431 449 3480 et
464 3431 576 3480 motum
591 3421 674 3480 dedit
690 3432 720 3480 et
741 3442 809 3480 cum
824 3422 954 3497 quodam
975 3415 1116 3498 adpetitu
1129 3443 1227 3482 acces-

174 3535 238 3575 sum
259 3517 298 3575 ad
320 3536 365 3576 res
388 3519 535 3590 salutares,
555 3537 573 3576 a
594 3518 736 3594 pestiferis
760 3537 907 3578 recessum
918 3540 927 3592 ;
949 3519 1007 3577 hoc
1032 3520 1142 3579 homini
1167 3540 1228 3579 am-

174 3614 257 3689 plius,
273 3614 355 3688 quod
377 3614 492 3681 addidit
514 3615 665 3687 rationem,
687 3633 747 3691 qua
768 3626 934 3691 regerentur
958 3616 1048 3674 animi
1071 3617 1227 3694 adpetitus,

130 3711 226 3785 18qui
254 3719 315 3769 tum
343 3712 563 3783 remitterentur,
591 3721 654 3768 tum
686 3711 913 3771 continerentur.
969 3712 1097 3787 Quartus
1130 3723 1228 3773 autem

173 3804 280 3879 gradus
301 3815 345 3864 est
367 3817 396 3865 et
417 3807 570 3865 altissimus
594 3824 705 3880 eorum,
720 3808 771 3883 qui
795 3818 897 3867 natura
923 3809 996 3868 boni
1022 3811 1227 3886 sapientesque
1241 3831 1266 3872 rs
