2932 4364
234 356 294 419 104
557 355 607 404 DE
627 347 774 406 NATURA'
795 354 956 406 DEORUM.

227 622 352 680 corpora
365 614 395 663 et
409 605 505 678 inane,
520 622 654 682 quaeque
669 604 713 663 his
727 604 873 665 accidant.
916 605 975 665 Sed
992 624 1046 665 nos
1068 625 1136 664 cum
1157 605 1282 666 dicimus

227 713 330 768 natura
349 711 483 759 constare
505 700 755 776 administrarique
782 701 935 773 mundum,
956 720 1017 761 non
1038 702 1078 760 ita
1098 702 1232 775 dicimus,
1251 713 1284 762 ut

227 796 361 871 glaebam
388 806 439 855 aut
465 797 658 872 fragmentum
685 796 790 872 lapidis
811 807 860 856 aut
882 797 993 873 aliquid
1016 799 1078 857 eius
1102 798 1185 865 modi
1205 799 1284 857 nulla

229 892 406 951 cohaerendi
420 903 530 964 natura,
545 891 600 950 sed
621 901 653 950 ut
673 893 815 965 arborem,
837 902 870 951 ut
889 894 1036 965 animals
1028 912 1059 952 rn
1080 894 1184 970 quibus
1205 895 1314 953 nullas

185 989 385 1106 ffitemeritas,
400 988 454 1047 sed
468 987 542 1046 ordo
559 997 680 1063 apparet
694 997 724 1046 et
738 989 805 1046 artis
820 987 966 1065 quaedam
980 990 1192 1081 similitudos

185 1053 223 1160 ’ἐξ
270 1083 386 1158 Quodsi
407 1102 451 1156 ea,
473 1101 548 1160 quae
569 1102 588 1141 a
607 1093 683 1142 terra
702 1084 839 1160 stirpibus
859 1085 1053 1159 continentur,
1075 1096 1136 1145 arte
1163 1095 1283 1145 naturae

227 1182 328 1240 vivunt
341 1191 371 1240 et
389 1182 496 1256 vigent,
510 1181 676 1257 prolecto
667 1199 732 1257 rpsa
752 1191 828 1240 terra
848 1182 955 1241 eadem
974 1183 1003 1242 vi
1024 1184 1189 1243 continetur
1206 1181 1283 1262 [arte

228 1275 378 1356 naturae]‚
406 1277 517 1354 quippe
545 1295 621 1354 quae
649 1277 799 1354 gravidata
823 1279 984 1339 seminibus
1007 1281 1108 1339 omnia
1134 1280 1226 1356 pariat
1254 1289 1285 1338 et

228 1374 331 1436 fundat
351 1393 389 1432 ex
408 1392 482 1447 sese,
504 1375 608 1450 stirpes
630 1375 766 1451 amplexa
786 1375 844 1434 alat
864 1385 895 1434 et
919 1386 1024 1452 augeat
1045 1377 1166 1453 ipsaque
1189 1377 1284 1435 alatur
1297 1402 1322 1430 ιο

227 1471 354 1530 vicissim
381 1489 400 1529 a
426 1472 537 1547 superis
559 1473 745 1548 externisque
767 1473 884 1532 naturis.
934 1473 1136 1550 Eiusdemque
1158 1474 1283 1550 exspira-

227 1570 355 1628 tionibus
366 1578 396 1627 et
414 1570 463 1628 aer
484 1570 567 1628 alitur
588 1580 618 1628 et
638 1569 739 1629 aether
759 1580 789 1628 et
811 1571 912 1628 omnia
931 1588 1044 1646 supera
1088 1573 1143 1643 Ita,
1157 1571 1189 1639 ,si
1210 1580 1285 1629 terra

228 1675 330 1724 natura
356 1674 472 1724 tenetur
499 1675 529 1723 et
552 1667 640 1741 viget,
664 1665 770 1724 eadem
791 1666 866 1724 ratio
893 1667 923 1724 in
947 1666 1059 1742 reliquo
1082 1666 1194 1725 mundo
1219 1675 1284 1739 est3

228 1763 331 1838 stirpes
352 1762 432 1820 enim
452 1772 544 1821 terrae
565 1762 718 1820 inhaerent
727 1783 737 1836 ;
771 1764 933 1821 animantes
961 1773 1060 1821 autem
1087 1763 1284 1839 adspiratione

191 1877 199 1934 ,¹
229 1860 303 1919 aeris
318 1859 505 1932 sustinentur,
521 1860 643 1935 ipseque
657 1861 708 1918 aer
727 1859 883 1919 nobiscum
903 1859 993 1933 videt,
1015 1860 1171 1919 nobiscum
1193 1858 1283 1933 audit,
1297 1888 1322 1928 ις

229 1957 384 2016 nobiscum
414 1965 518 2029 sonat3
552 1956 624 2014 nihil
658 1957 737 2014 enim
771 1975 872 2015 eorum
907 1957 969 2016 sine
1004 1976 1041 2016 eo
1075 1957 1136 2016 fieri
1167 1967 1264 2034 potest
1275 1979 1284 2030 ;

229 2055 301 2130 quin
327 2053 416 2113 etiarn
441 2062 575 2112 movetur
600 2052 776 2126 nobiscum;
804 2071 991 2129 quacumque
1013 2054 1093 2112 enim
1115 2055 1198 2125 imus,
1213 2072 1284 2131 qua·

192 2166 218 2208 st
230 2167 357 2226 cumque
371 2166 530 2221 movemur,
544 2148 659 2208 videtur
672 2151 754 2226 quasi
768 2149 866 2208 locum
886 2149 956 2208 dare
977 2159 1007 2208 et
1028 2143 1144 2210 cedere.
1186 2151 1284 2224 Quae·

230 2263 289 2321 que
303 2246 333 2302 in
347 2244 478 2302 medium
492 2245 591 2302 locum
605 2244 718 2316 mundi,
732 2245 783 2320 qui
797 2255 842 2303 est
859 2245 984 2316 infimus,
1000 2254 1030 2302 et
1050 2263 1125 2320 quae
1146 2264 1165 2302 a
1184 2244 1285 2302 medio

230 2341 262 2399 in
275 2358 412 2416 superum
426 2357 561 2415 quaeque
575 2340 767 2398 conversione
780 2339 906 2398 rotunda
919 2341 1030 2397 circum
1044 2339 1175 2398 medium
1189 2340 1284 2399 ferun·
1297 2373 1324 2401 ω

231 2447 285 2508 tur,
295 2455 331 2494 ea
344 2436 545 2494 continentem
558 2435 662 2493 mundi
676 2432 807 2495 efficiunt
820 2454 967 2511 unamque
981 2446 1122 2495 naturam.
1164 2437 1204 2495 Et
1217 2455 1286 2494 cum

231 2543 367 2609 quattuor
380 2550 489 2609 genera
502 2532 560 2591 sint
573 2550 739 2608 corporum,
753 2531 953 2591 vicissitudine
968 2550 1070 2592 eorum
1090 2531 1193 2593 mundi
1214 2551 1285 2593 con-

174 2630 176 2634 ’
231 2631 342 2690 tinuata
355 2639 457 2690 natura
471 2639 523 2690 est.
566 2630 646 2689 Nam
659 2648 697 2688 ex
717 2639 792 2688 terra
812 2649 898 2706 aqua,
912 2648 951 2689 ex
970 2649 1047 2707 aqua
1067 2631 1156 2690 oritur
1176 2631 1236 2704 aer,
1250 2650 1287 2690 ex

232 2730 298 2789 aere
325 2728 434 2802 aether,
464 2727 572 2787 deinde
593 2737 750 2788 retrorsum
770 2729 897 2787 vicissim
918 2747 956 2787 ex
983 2729 1101 2788 aethere
1128 2729 1187 2802 aer,
1216 2729 1286 2788 inde

231 2845 316 2903 aqua,
331 2845 369 2885 ex
382 2845 458 2902 aqua
482 2835 557 2884 terra
578 2826 686 2885 infima.
729 2827 776 2885 Sic
797 2826 906 2899 naturis
927 2826 981 2898 his,
996 2845 1040 2898 ex
1060 2826 1165 2902 quibus
1186 2827 1287 2886 omnia
1298 2855 1324 2895 ις

232 2933 377 2994 constant,
392 2941 489 2981 sursus
504 2921 635 2993 deorsus,
649 2923 725 2981 ultro
747 2923 820 2980 citro
842 2923 1076 2981 commeantibus
1097 2922 1200 2981 mundi
1220 2941 1285 3022 par·

194 3041 221 3082 aa
233 3020 305 3078 tium
325 3018 495 3076 coniunctio
516 3019 691 3078 continetur.
735 3018 819 3092 Qude
841 3028 891 3077 aut
911 3019 1088 3094 sempiterna
1108 3018 1145 3077 sit
1165 3036 1286 3078 necesse
1343 3091 1350 3105 .

233 3125 278 3183 est
298 3116 357 3174 hoc
378 3114 487 3173 eodem
507 3123 620 3185 ornatu,
642 3132 730 3190 quem
750 3113 894 3186 videmus,
916 3123 966 3173 aut
986 3124 1066 3174 certe
1087 3113 1286 3192 perdiutuma,

233 3230 409 3289 permanens
431 3211 470 3270 ad
494 3211 685 3287 longinquum
699 3220 730 3269 et
743 3210 910 3270 inmensum
924 3230 1019 3288 paene
1036 3220 1162 3289 tempus.
1204 3213 1285 3288 Quo-

233 3330 297 3369 rum
323 3309 462 3367 utrumvis
490 3319 522 3367 ut
549 3309 594 3379 sit,
622 3308 751 3383 sequitur
778 3317 880 3366 natura
907 3308 1050 3368 muudum
1083 3309 1285 3370 administrari.
1299 3337 1325 3376 ³0

234 3407 318 3480 Quae
334 3406 412 3464 enim
426 3405 561 3462 classium
575 3405 719 3480 navigatio
734 3415 783 3463 aut
797 3423 873 3480 quae
892 3405 1043 3464 instructio
1063 3407 1207 3466 exercitus
1227 3416 1286 3478 aut,

233 3520 330 3560 rursus
350 3512 382 3559 ut
403 3519 447 3571 ea,
469 3519 544 3576 quae
566 3510 668 3558 natura
689 3501 787 3572 efficit,
809 3502 1002 3583 conseramus,
1025 3519 1100 3576 quae
1121 3501 1287 3578 procreatio

233 3598 298 3654 vitis
319 3606 369 3656 aut
390 3597 509 3667 arboris,
531 3613 605 3671 quae
627 3614 713 3671 porro
735 3597 888 3654 animantis
915 3597 1008 3671 figura
1034 3598 1286 3674 conformatioque

234 3695 431 3751 membrorum
448 3703 558 3750 tantam
579 3702 697 3750 naturae
719 3693 874 3750 sollertiam
895 3693 1048 3768 significat,
1063 3705 1203 3769 quantam
1223 3695 1286 3771 ipse

233 3789 382 3848 mundus?
421 3791 480 3846 Aut
501 3789 586 3862 igitur
606 3788 677 3846 nihil
697 3798 750 3860 est,
772 3787 853 3863 quod
875 3789 1019 3847 sentiente
1040 3799 1143 3848 natura
1162 3800 1284 3866 regatur,
1298 3822 1323 3862 35
