2932 4364
143 349 185 412 62
472 363 521 412 nn
542 362 689 425 NATURA
707 359 878 425 ¹nazoreum.-

144 535 208 595 ita?
228 535 306 611 Quia
314 554 371 595 nec
381 534 422 596 ad
431 536 562 613 speciem
571 554 628 595 nec
639 533 770 597 adusum
780 535 869 595 aliurn
880 533 1011 612 quinque
1023 531 1199 593 desiderant.

143 636 225 695 Tuus
239 643 341 693 autem
349 633 423 694 deus
436 652 498 693 non
508 631 601 710 digito
614 651 675 693 uno
688 633 842 707 redundat,
853 632 907 693 sed
920 633 1025 710 capite,
1037 634 1124 706 collo,
1135 651 1196 691 cer-

144 732 265 804 vicibus,
279 731 425 803 lateribus,
440 732 515 802 alvo,
529 739 620 805 tergo,
631 731 802 806 poplitibus,
814 730 957 800 manibus,
967 729 1103 804 pedibus,
1113 730 1195 788 semi·

145 826 239 900 nibus,
255 828 393 886 cruribus
435 826 473 897 si,
489 835 521 883 ut
534 825 692 883 inmortalis
706 825 751 896 sit,
765 824 837 899 quid
857 825 932 883 haec
946 824 985 883 ad
997 826 1087 883 vitam
1103 842 1195 884 mem-

145 925 198 983 bra
217 923 382 1000 pertinent?
408 918 481 995 quid
507 920 571 995 ipsa
594 920 717 992 laciesi,
744 919 840 994 Magis
867 919 923 991 illa,
948 919 1109 991 cerebrum,
1135 938 1227 992 cor,s

146 1021 309 1095 pulmones,
323 1019 405 1077 iecur
413 1038 423 1091 3
444 1017 522 1075 haec
532 1016 612 1074 enim
625 1024 699 1074 sunt·
713 1014 862 1074 domicilia
881 1016 976 1088 vitae3
998 1015 1055 1073 oris
1075 1015 1196 1090 quidem

103 1095 261 1204 {ignatius
278 1115 317 1172 aa
328 1115 408 1174 uuae
425 1114 589 1172 firmitatem
608 1112 681 1170 niun
697 1112 832 1187 pertinet.
837 1148 850 1201 ,
874 1111 914 1169 st
934 1128 985 1170 eos
1003 1111 1195 1187 vituperans,

146 1213 197 1288 qui
217 1237 219 1241 ¹
238 1211 444 1287 exoperibus
480 1209 643 1285 magnificis
677 1219 777 1283 atque.
800 1208 963 1285 praeclaris,
985 1225 1067 1266 ,cum
1100 1208 1196 1283 ipsum

146 1309 300 1381 mundum,
324 1327 393 1367 curn
417 1307 478 1366 eius
503 1306 644 1378 membra,
672 1305 797 1376 caelum,
820 1313 920 1377 terras,
944 1304 1043 1377 maria,
1068 1321 1196 1380 cumque

147 1407 250 1467 horum
278 1407 409 1484 insignia,
436 1407 539 1478 solem,
566 1406 665 1472 lunarn
697 1404 862 1480 stellasque,
890 1402 1039 1476 vidissent,
1068 1421 1195 1479 cumque
1210 1425 1235 1453 ιο

146 1514 311 1581 temporum
335 1504 522 1576 maturitates,
547 1502 722 1561 mutationes
746 1499 1019 1576 vicissitudinesque
1043 1503 1196 1576 cognovis-

147 1611 220 1676 sent,
235 1601 372 1678 suspicati
393 1610 490 1660 essent
510 1600 635 1675 aliquam
650 1599 843 1659 excellentem
857 1616 921 1658 esse
940 1607 1195 1675 praestantemque

146 1710 287 1771 naturam,
311 1714 386 1773 quae
414 1697 489 1756 baec
515 1696 677 1767 effecisset„
695 1704 835 1766 moveret,
863 1704 985 1771 regeret,
1012 1696 1196 1771 gubernaret.

148 1795 207 1869 Qui
226 1794 337 1853 etiamsi
355 1794 489 1853 aberrant
504 1793 681 1864 coniectura,
698 1791 786 1850 video
803 1792 1002 1867 tamen,.quid
1019 1802 1177 1868 sequantur
1186 1815 1195 1867 ;
1267 1823 1272 1832 ·

147 1900 179 1950 tu
210 1890 292 1966 quod
322 1908 398 1966 opus
430 1887 566 1948 tandem*
582 1906 721 1963 magnum
752 1897 781 1947 et
811 1889 972 1965 egregium
987 1890 1087 1963 babes,
1114 1889 1196 1966 quod
1210 1907 1234 1946 ις

148 1987 285 2046 ellectum
309 1985 407 2046 divina
429 1993 528 2046 mente
548 1985 689 2058 videatur,
711 2002 831 2068 effluo
851 2003 916 2073 mg
937 1986 1010 2047 deos
1029 1987 1198 2077 suspicere?

148 2085 314 2157 Habebam,
324 2084 429 2160 inquis,
440 2083 470 2143 in
484 2083 582 2142 animo
597 2083 712 2147 insitam
726 2082 961 2143 informationem
975 2084 1123 2160 quandam
1137 2085 1196 2147 dei.

148 2182 188 2240 Et
206 2180 317 2241 barbati
337 2179 458 2255 quidem
479 2180 566 2252 lovis,
579 2173 717 2255 'galeatae
742 2180 893 2238 Minervae
904 2200 913 2253 ;
933 2198 1005 2239 num
1026 2181 1111 2256 igitur
1131 2199 1196 2240 esse

103 2277 211 2337 nortalis
229 2277 355 2356 putasl,
374 2276 493 2350 Quanto
512 2275 614 2345 melius
631 2275 705 2333 baec
722 2275 824 2352 vulgus
838 2275 1047 2351 imperitorum,
1066 2277 1117 2352 qui
1135 2296 1197 2337 non

148 2374 280 2433 membra
303 2372 396 2432 solum
420 2371 547 2431 bominis
565 2371 624 2430 deo
645 2372 781 2444 tribuant,
805 2371 860 2431 sed
881 2391 966 2432 usum
990 2375 1080 2432 etiam
1103 2393 1196 2451 mem·
1209 2398 1235 2427 ω

147 2471 275 2532 brorum.
298 2471 398 2528 'Dant
411 2469 489 2527 enim
503 2486 613 2540 arcum,
624 2468 750 2544 sagittas,
762 2468 885 2542 hastam,
896 2469 1033 2555 clipeum,
1044 2470 1195 2542 fuscinam,

148 2567 266 2639 tulmen,
291 2574 321 2625 et
344 2566 377 2637 si,
399 2565 530 2624 actiones
556 2582 633 2640 quae
658 2565 715 2649 sint
739 2565 872 2638 deorum,
899 2584 961 2624 non
988 2565 1098 2638 vident,
1125 2567 1197 2626 nibil

147 2673 283 2740 agentem
310 2672 410 2721 tamen
437 2661 526 2720 deum
553 2679 614 2720 non
641 2671 753 2737 queunt
780 2661 918 2738 cogitare.
960 2663 1030 2739 Ipsi,
1051 2663 1102 2738 qui
1129 2663 1196 2722 inri-

147 2760 262 2832 dentur,
273 2758 407 2835 Aegyptii
420 2758 527 2816 nullam
541 2758 659 2816 beluam
672 2757 727 2817 nisi
741 2757 781 2816 ob
794 2758 921 2833 aliquam
935 2759 1097 2830 utilitatem,
1107 2777 1197 2835 quam

147 2873 185 2914 ex
210 2873 247 2913 ea
280 2862 427 2929 caperent,
448 2862 718 2925 ¹consecraverunt;
753 2853 831 2912 velut
865 2854 928 2913 ibes
944 2856 1112 2914 maximam
1128 2857 1196 2930 ¹vim
1209 2879 1234 2918 es

147 2949 325 3025 serpentium
343 2948 512 3018 conficiunt,
531 2965 600 3006 cum
618 2947 676 3005 sint
694 2965 763 3006 aves
781 2948 923 3018 excelsae,
940 2949 1070 3008 cruribus
1087 2950 1195 3026 rigidis,

147 3062 256 3104 corneo
279 3060 461 3121 proceroque
481 3052 573 3101 mstro
584 3063 593 3115 ;
614 3051 747 3100 avertunt
767 3052 882 3118 pestem
902 3043 941 3103 ab
961 3046 1105 3120 Aegypto,
1127 3063 1196 3104 cum

146 3140 270 3200 volucris
303 3139 404 3215 anguis
439 3156 476 3198 ex
508 3138 641 3196 vastitate
677 3138 786 3214 Libyae
818 3148 908 3197 vento
938 3140 1037 3199 Africo
1068 3141 1197 3201 invectas

146 3237 321 3298 interficiunt
342 3247 430 3312 atque
454 3244 650 3309 consumunt3
671 3252 709 3293 ex
729 3252 790 3310 quo
813 3235 855 3308 lit,
879 3245 912 3295 ut
934 3236 1000 3295 illae
1018 3255 1075 3297 nec
1098 3255 1196 3298 morsu

145 3335 227 3395 vivae
245 3343 372 3394 noceant
390 3350 447 3392 nec
465 3331 558 3392 odore
579 3341 720 3391 mortuae.
763 3334 886 3392 Possum
907 3333 946 3392 de
967 3334 1195 3395 ichneumonum
1209 3358 1235 3397 ³0

145 3431 276 3504 utilitate,
301 3431 340 3490 de
367 3429 592 3501 crocodilorum,
620 3428 659 3489 de
684 3429 801 3488 laelium
826 3429 935 3503 dicere,
959 3431 1013 3490 sed
1038 3433 1108 3491 nolo
1132 3451 1196 3504 esse
1273 3453 1275 3456 ·

144 3529 257 3605 longus.
299 3529 346 3587 Ita
379 3525 565 3599 concludam,
599 3535 698 3584 tamen
731 3525 831 3586 beluas
865 3546 884 3586 a
916 3527 1044 3588 barbaris
1077 3540 1197 3606 propter

144 3626 321 3685 beneficium
344 3632 538 3695 consecratas,
560 3633 721 3682 vestrorum
744 3622 868 3682 deorum
890 3642 951 3683 non
973 3625 1065 3684 modo
1086 3627 1195 3685 benefi-

101 3722 223 3779 1oncium
246 3722 358 3779 nullum
383 3730 491 3790 extare,
515 3718 569 3778 sed
593 3736 631 3776 ne
655 3719 764 3777 sactum
788 3718 909 3792 quidem
933 3722 1065 3781 omnino.
1116 3723 1196 3781 Nihil

144 3815 242 3888 habet,
263 3814 365 3890 inquit,
386 3813 506 3888 negotii.
547 3813 683 3872 Profecto
704 3812 849 3888 Epicurus
872 3814 956 3889 quasi
976 3816 1059 3890 pueri
1079 3815 1196 3876 delicati
1209 3840 1234 3880 aa
