2932 4364
476 367 543 418 uus.
555 367 591 418 11.
624 367 920 427 cmxxxuxxxu.
936 412 940 418 .
956 367 987 432 §5
1001 366 1090 433 76-82.
1248 368 1305 447 103

254 537 325 579 nem
337 539 400 579 rem
414 521 564 597 publicam
578 531 666 597 atque
680 521 783 580 urbem
797 521 924 598 aliquam
940 508 1076 598 regentis.
1118 509 1261 598 Sequitur,
1276 531 1308 580 ut
1320 532 1347 575 'la

256 615 361 673 eadem
382 617 418 674 sit
439 617 469 674 in
493 617 536 688 iis,
551 635 627 692 quae
651 616 781 674 humano
803 617 834 674 in
857 635 974 693 genere,
988 618 1071 688 ratio,
1085 616 1191 676 eadem
1204 618 1308 675 veritas

255 711 409 787 utrobique
424 713 461 770 sit
474 712 639 788 eademque
654 713 709 784 lex,
724 730 800 788 quae
821 721 865 772 est
885 709 958 771 recti
978 714 1149 789 praeceptio
1169 713 1308 789 pravique

256 807 399 884 depulsio.
442 809 489 866 Ex
502 827 563 884 quo
577 809 752 884 intellegitur
772 809 957 885 prudentiam
971 827 1090 885 quoque
1105 819 1134 868 et
1149 806 1277 868 mentem
1292 827 1310 866 a

224 927 237 968 s
257 904 320 962 deis
334 904 373 962 ad
387 904 521 963 homines
536 905 712 980 pervenisse,
727 904 767 965 ob
781 924 905 981 eamque
923 924 1042 964 causam
1064 906 1208 964 maiorum
1230 906 1309 964 insti·
1325 910 1335 961 3

257 1001 324 1059 tutis
339 1019 431 1072 mens,
446 1001 531 1073 tides,
545 1001 643 1073 virtus,
658 1001 819 1059 concordia
835 1011 1024 1061 consecratae
1045 1011 1076 1060 et
1095 1002 1212 1078 publice
1226 1000 1310 1061 dedi·

256 1108 339 1156 catae
360 1108 436 1157 sunt.
479 1099 565 1174 Quae
579 1098 630 1174 qui
650 1099 789 1157 convenit
810 1117 902 1175 penes
924 1099 998 1157 deos
1022 1118 1086 1158 esse
1111 1118 1226 1175 negare,
1241 1117 1310 1157 cum

256 1212 358 1252 eorum
377 1204 499 1270 augusta
520 1205 551 1253 et
572 1205 673 1254 sancta
697 1195 850 1253 simulacra
863 1197 1056 1254 veneremur?
1096 1195 1211 1271 Quodsi
1235 1195 1311 1253 inest

256 1291 287 1348 in
301 1290 453 1349 hominum
466 1310 575 1366 genere
590 1310 683 1362 mens,
697 1291 781 1363 fides,
796 1292 894 1363 virtus,
910 1278 1077 1362 concordia,
1093 1291 1172 1350 uude
1191 1291 1265 1350 haec
1280 1291 1310 1350 in

219 1413 245 1442 ιο
257 1396 363 1445 terram
390 1387 446 1445 nisi
469 1387 507 1446 ab
530 1388 642 1462 superis
666 1386 794 1445 defluere
818 1389 997 1463 potuemnt?
1037 1387 1171 1463 Cumque
1199 1387 1310 1446 sintin

256 1483 342 1542 nobis
364 1484 527 1555 consilium,
549 1483 631 1554 ratio,
655 1483 819 1558 prudentia,
841 1501 962 1542 necesse
985 1493 1030 1542 est
1051 1483 1124 1542 deos
1148 1483 1223 1542 haec
1246 1483 1311 1560 ipsa

257 1578 365 1639 habere
380 1580 498 1651 maiora,
512 1597 570 1639 nec
584 1579 691 1640 habere
704 1579 809 1652 solum,
824 1579 980 1639 sedetiam
996 1579 1031 1639 iis
1051 1580 1093 1654 uti
1115 1580 1146 1639 in
1167 1579 1310 1639 maxumis

258 1685 288 1736 et
302 1677 429 1753 optumis
443 1678 550 1752 rebus;
571 1677 642 1736 nihil
662 1687 759 1737 autem
781 1695 838 1736 nec
858 1677 951 1737 maius
973 1696 1031 1736 nec
1052 1677 1156 1738 melius
1178 1676 1290 1737 mundo
1300 1696 1309 1753 ;
1322 1694 1350 1738 eo

258 1794 380 1835 necesse
401 1785 446 1834 est
466 1794 536 1853 ergo
557 1794 626 1836 eum
643 1775 767 1835 deorum
785 1775 909 1835 consilio
931 1785 961 1834 et
982 1776 1166 1852 providentia
1187 1776 1310 1853 admini-

222 1902 247 1941 ις
259 1874 349 1933 strari.
392 1876 544 1933 Postremo
558 1893 628 1932 cnm
646 1875 714 1933 satis
729 1872 915 1933 docuerimus
936 1874 990 1933 hos
1011 1893 1075 1935 esse
1090 1874 1173 1947 deos,
1187 1894 1312 1951 quorum

259 1970 403 2047 insignem
413 1972 472 2029 vim
483 1980 513 2029 et
526 1972 675 2030 inlustrem
686 1971 791 2030 faciem
802 1969 978 2044 videremus,
989 1973 1083 2031 solem
1094 1971 1163 2032 dico
1174 1982 1203 2031 et
1214 1974 1312 2031 lunam

261 2077 385 2143 etvagas
394 2069 491 2126 stellas
500 2077 530 2126 et
539 2069 697 2127 inerrantes
706 2078 736 2127 et
746 2069 862 2126 caelum
872 2078 902 2127 et
912 2067 1057 2128 mundum
1068 2070 1164 2146 ipsum
1175 2079 1204 2128 et
1215 2088 1313 2128 earum

260 2182 356 2222 rerum
365 2165 434 2236 vim,
443 2182 519 2240 quae
531 2165 659 2223 inessent
669 2165 700 2223 in
710 2165 792 2223 omni
803 2164 915 2224 mundo
926 2151 994 2224 cum
1007 2184 1115 2242 magno
1126 2186 1180 2226 usu
1192 2176 1222 2225 et
1232 2186 1313 2225 com·
1338 2201 1341 2208 ,

261 2261 401 2320 moditate
416 2263 530 2338 generis
544 2251 673 2334 humani,
685 2250 808 2321 efficitur
818 2262 920 2321 omnia
930 2263 990 2339 regi
1001 2263 1100 2322 divina
1114 2273 1212 2323 mente
1226 2275 1314 2340 atque

224 2391 250 2419 ω
261 2357 425 2434 prudentia.
468 2361 513 2417 Ac
526 2358 565 2417 de
580 2360 673 2434 prima
686 2358 808 2434 quidem
821 2369 903 2434 parte
918 2360 987 2418 satis
1001 2359 1112 2418 dictum
1127 2370 1180 2419 est.

302 2455 444 2529 Sequitur,
460 2464 491 2513 ut
505 2453 632 2513 doceam
653 2455 754 2513 omnia
775 2455 907 2513 subiecta
929 2473 992 2514 esse
1015 2467 1144 2526 naturae,
1159 2475 1253 2533 eaque
1275 2441 1358 2550 ab⁸2

263 2569 299 2609 ea
312 2551 503 2626 pulcherrime
517 2552 586 2626 geri.
629 2550 688 2609 Sed
701 2540 773 2625 quid
794 2551 830 2609 sit
844 2551 908 2626 ipsa
921 2560 1032 2622 natura,
1047 2552 1255 2627 explicandum
1270 2509 1340 2611 est8

263 2654 330 2704 ante
353 2645 483 2716 breviter,
505 2662 565 2720 quo
588 2645 698 2704 facilius
722 2644 763 2716 id,
785 2645 867 2720 quod
889 2644 999 2704 docere
1023 2647 1167 2718 volumus,
1188 2647 1315 2722 intellegi

263 2725 364 2816 possit.
406 2741 543 2815 Namque
564 2740 611 2797 alii
633 2749 765 2798 naturam
787 2757 851 2798 esse
874 2750 996 2798 censent
1009 2742 1068 2799 vim
1082 2741 1230 2816 quandam
1252 2743 1315 2801 sine

227 2864 252 2903 ις
264 2836 375 2894 ratione
390 2836 518 2894 cientem
533 2845 628 2894 motus
643 2835 673 2893 in
687 2836 858 2910 corporibus
872 2836 1061 2908 necessarios,
1075 2837 1123 2895 alii
1143 2846 1241 2895 autem
1256 2838 1316 2895 vim

265 2926 446 3008 participem'
457 2932 574 2990 rationis
595 2941 682 3005 atque
704 2930 813 2990 ordinis
834 2941 984 3007 tamquam
1011 2932 1058 2990 via
1078 2923 1317 3008 progredientem

265 3026 530 3107 declarantemque,
545 3026 617 3103 quid
630 3027 771 3102 cuiusque
785 3027 826 3085 rei
841 3045 931 3086 causa
947 3027 1063 3100 efficiat,
1078 3029 1151 3104 quid
1171 3015 1317 3105 sequatur,
1345 3059 1349 3068 ¹

266 3109 348 3182 ‘cuius
367 3123 523 3182 sollertiam
542 3123 620 3182 nulla
640 3141 694 3196 ars,
716 3124 794 3181 nulla
813 3142 925 3196 manus,
947 3142 1036 3183 nemo
1056 3125 1156 3201 opifex
1176 3127 1318 3203 consequi

267 3220 359 3295 possit
378 3218 521 3279 imitando
531 3239 540 3294 ς
568 3220 687 3279 seminis
708 3221 787 3279 enim
801 3219 860 3278 vim
881 3239 945 3279 esse
965 3230 1086 3293 tantam,
1101 3231 1133 3280 ut
1154 3221 1194 3294 id,
1216 3241 1317 3299 quam-

230 3348 257 3387 ,ο
269 3335 356 3393 quam
370 3317 407 3375 sit
420 3317 617 3393 perexiguum,
633 3327 740 3387 tamen,
755 3317 780 3375 si
800 3316 936 3376 inciderit
956 3318 986 3376 in
1007 3319 1227 3394 concipientem
1247 3319 1318 3380 con-

268 3403 520 3488 prendentemque
547 3423 678 3471 naturam
705 3422 904 3489 nanctumque
931 3414 969 3472 sit
1002 3416 1162 3488 materiam,
1191 3434 1249 3492 qua
1282 3418 1319 3475 ali

269 3508 425 3583 augerique
445 3509 546 3584 possit,
567 3509 607 3566 ita
627 3508 718 3583 fingat
738 3517 768 3566 et
788 3508 924 3567 efficiat
916 3529 946 3567 1n
968 3529 1022 3568 suo
1043 3510 1174 3587 quidque
1202 3531 1318 3588 genere,

270 3604 375 3679 partim
401 3612 433 3663 ut
453 3613 565 3663 tantum
592 3603 683 3663 modo
710 3622 764 3680 per
789 3605 893 3680 stirpes
921 3607 1032 3664 alantur
1056 3625 1131 3680 suas,
1157 3610 1261 3684 partim
1288 3619 1320 3667 ut

264 3700 379 3759 moveri
394 3701 481 3759 etiam
503 3710 532 3759 et
552 3691 657 3760 sentire
679 3710 709 3759 et
729 3711 869 3777 appetere
890 3702 1003 3777 possint
1024 3712 1054 3761 et
1075 3722 1112 3761 ex
1132 3723 1196 3763 sese
1218 3706 1321 3764 similia

234 3825 259 3867 ³⁵
271 3796 316 3855 sui
330 3796 457 3872 gignere
499 3798 571 3855 Sunt
584 3808 691 3867 autem,
706 3797 755 3871 qui
769 3798 871 3854 omnia
883 3807 1002 3856 naturae
1023 3800 1142 3857 nomine
1163 3802 1358 3876 appellentes
