2932 4364
514 362 1170 430 mmmfflfflnffln,
1260 364 1319 430 m

266 516 382 575 urbium
395 515 535 575 societate
549 515 688 588 devinxit,
704 518 780 575 haec
793 534 811 574 a
824 517 883 575 vita
896 516 1005 576 inmani
1020 525 1050 576 et
1067 518 1129 576 fera
1148 519 1317 594 segregavit.

266 612 314 671 Ad
329 631 412 670 usum
426 622 525 671 autern
539 612 678 671 orationis
692 612 862 672 incredibile
877 622 930 684 est,
945 613 969 671 si
983 613 1138 689 diligenter
1150 614 1318 687 attenderis,
1326 624 1363 666 14⁹

266 719 376 785 quanta
390 726 482 785 opera
495 709 661 768 machinata
678 719 780 768 natura
800 710 845 768 sit.
888 710 1016 768 Primum
1036 711 1116 768 enim
1137 711 1318 786 apulmoni·

266 807 320 865 bus
334 807 438 864 arteria
451 824 544 882 usque
559 805 598 864 ad
612 825 646 865 os
661 807 795 864 intimum
809 806 944 882 pertinet,
959 802 1114 882 perquam
1136 826 1193 866 vox
1213 808 1317 884 priuci-

234 927 246 966 ε
266 905 346 980 pium
361 914 490 962 amente
505 903 617 962 ducens
632 903 790 979 percipitur
803 912 833 962 et
851 903 997 973 funditur;
1020 903 1129 963 deinde
1150 905 1180 962 in
1194 923 1244 963 ore
1265 905 1320 964 sita

265 1001 364 1077 lingua
377 1010 421 1058 est
435 1001 516 1059 finita
535 999 691 1072 dentibus,
713 1018 749 1058 ea
768 1018 874 1058 vocem
894 1000 1076 1060 inmoderate
1098 1003 1244 1077 profusam
1265 1002 1318 1060 fin·

266 1099 308 1173 git
329 1107 359 1156 et
379 1099 516 1157 terminat
536 1107 624 1172 atque
646 1115 735 1156 sonos
755 1097 836 1156 vocis
857 1097 1011 1157 distinctos
1032 1110 1062 1156 et
1082 1117 1196 1174 pressos
1220 1099 1318 1171 efficit,

265 1213 334 1252 cum
348 1203 378 1252 et
392 1193 431 1252 ad
445 1193 550 1252 dentes
564 1205 594 1253 et
615 1178 654 1252 ad
674 1195 744 1252 alias
765 1203 861 1268 partes
883 1193 964 1269 pellit
983 1195 1050 1253 oris,
1093 1196 1196 1270 ltaque
1217 1194 1318 1271 plectri

265 1291 390 1348 similem
411 1291 539 1365 linguam
560 1291 651 1348 nostri
672 1291 767 1347 solent
787 1289 895 1358 dicere,
911 1290 1085 1348 chordarum
1107 1289 1220 1362 dentes,
1234 1309 1318 1350 nares

230 1414 254 1440 ιο
266 1385 403 1444 cornibus
417 1386 460 1456 iis,
475 1383 524 1459 qui
539 1385 576 1442 ad
592 1402 696 1441 nervos
710 1394 848 1441 resonant
862 1383 891 1441 in
906 1385 1048 1443 cantibus·

283 1513 284 1517 =
306 1481 403 1554 Quam
418 1498 488 1538 vero
501 1489 584 1554 aptas
598 1479 915 1556 quanrquemultamm
929 1481 1033 1539 artium
1054 1480 1196 1540 ministras
1213 1449 1361 1556 manusffl

266 1589 368 1636 natura
381 1576 491 1636 homini
506 1575 608 1635 dedit!
653 1576 821 1651 Digitorum
832 1576 911 1634 enim
927 1578 1088 1636 contractio
1103 1578 1192 1637 facilis
1214 1578 1317 1637 facilis-

266 1692 323 1750 que
338 1675 483 1750 porrectio
497 1683 616 1750 propter
630 1673 731 1731 molles
746 1673 950 1733 commissuras
965 1684 995 1733 et
1008 1686 1085 1734 artus
1099 1675 1178 1734 nullo
1193 1677 1222 1734 in
1236 1686 1317 1735 motu

265 1773 385 1831 laborat.
428 1773 531 1847 Itaque
546 1769 586 1830 ad
600 1768 792 1846 pingendum,
807 1769 846 1829 ad
861 1770 1042 1848 fingendum,
1057 1773 1095 1832 ad
1116 1770 1317 1850 scalpendum,

230 1895 253 1932 ις
267 1869 305 1928 ad
333 1888 486 1928 nervorum
516 1868 678 1927 eliciendos
705 1886 794 1927 sonos
821 1887 858 1928 ac
885 1870 1020 1929 tibiarum
1048 1880 1118 1946 apta
1144 1890 1247 1930 manus
1275 1880 1319 1930 est

266 1967 436 2026 admotione
458 1967 626 2042 digitorum.
668 1968 764 2041 Atque
786 1965 860 2025 haec
881 1967 1103 2041 oblectationis,
1125 1969 1172 2027 illa
1192 1970 1317 2028 necessi·
1348 1951 1357 2012 Ῐ

267 2066 342 2134 tatis,
357 2065 450 2121 cultus
466 2062 534 2121 dico
549 2081 686 2138 agrorum¹
707 2064 960 2138 extructionesque
982 2073 1136 2135 tectorum,
1151 2073 1320 2141 tegumenta
1331 2084 1408 2158 ,φρῖχ’

266 2179 423 2236 corporum
437 2160 483 2217 vel
498 2169 577 2218 texta
590 2160 637 2218 vel
651 2169 717 2217 suta
730 2177 909 2236 omnemque
931 2161 1070 2219 fabricam
1091 2162 1164 2220 aeris
1185 2171 1214 2219 et
1235 2162 1317 2234 ferri3
1345 2172 1406 2213 nun.

267 2277 304 2315 ex
318 2275 377 2333 quo
391 2256 564 2332 intellegitur
576 2255 616 2314 ad
630 2257 747 2315 inventa
761 2257 869 2328 animo,
884 2269 1024 2333 percepta
1037 2257 1169 2316 sensibus
1183 2257 1318 2334 adhibitis

229 2376 254 2403 ιο
267 2355 406 2428 opificum
421 2354 555 2411 manibus
576 2354 679 2419 omnia
697 2371 752 2411 nos
774 2363 958 2425 consecutos,
973 2363 1004 2411 ut
1025 2354 1104 2424 tecti,
1118 2363 1150 2411 ut
1169 2355 1273 2426 vestiti,
1288 2365 1320 2413 ut

266 2450 335 2508 salvi
357 2467 420 2507 esse
442 2467 603 2524 possemus,
625 2449 721 2518 urbes,
744 2467 850 2518 muros,
873 2448 1031 2520 domicilia,
1053 2449 1175 2508 delubra
1198 2432 1318 2510 liabere-

266 2564 340 2604 mus.
384 2547 446 2603 lam
461 2563 530 2603 vero
549 2545 686 2620 operibus
702 2544 863 2614 bominum,
879 2543 909 2602 id
930 2555 974 2602 est
995 2546 1137 2616 manibus,
1152 2546 1210 2604 cibi
1231 2547 1319 2605 etiam
1326 2560 1363 2602 1⁵1

266 2643 388 2700 varietas
402 2642 545 2700 invenitur
559 2649 589 2699 et
608 2641 703 2716 eopia.
747 2640 824 2698 Nam
846 2649 876 2698 et
896 2641 957 2715 agri
977 2641 1068 2699 multa
1089 2641 1210 2699 effemnt
1231 2660 1320 2700 manu

267 2739 406 2813 quaesita,
427 2756 503 2814 quae
523 2737 570 2795 vel
584 2736 686 2795 statim
709 2744 918 2795 consumantur
937 2737 984 2794 vel
1004 2736 1179 2795 mandentur
1200 2737 1320 2796 condita

230 2860 254 2898 ες
266 2835 410 2906 vetustati,
425 2845 455 2893 et
468 2844 618 2910 praeterea
631 2833 777 2892 vescimur
791 2833 890 2891 bestiis
905 2841 935 2891 et
954 2832 1075 2892 terrenis
1096 2843 1126 2891 et
1146 2835 1319 2909 aquatilibus

264 2943 297 2995 ,et
311 2932 473 2991 volantibus
487 2932 591 3008 partim
606 2931 762 3008 capiendo,
778 2932 884 3008 partim
897 2929 1014 2990 alendo.
1057 2931 1208 2990 Efficimus
1231 2934 1319 2991 etiam

267 3028 380 3088 domitu
395 3037 496 3087 nostro
514 3027 729 3104 quadripedum
750 3028 912 3099 vectiones,
934 3045 1058 3103 quorum
1079 3027 1211 3087 celeritas
1232 3039 1320 3104 atque

266 3127 309 3185 vis
323 3125 408 3185 nobis
422 3125 492 3201 ipsis
505 3124 599 3183 adfert
612 3125 672 3183 vim
686 3134 716 3183 et
730 3124 918 3183 celeritatem.
960 3125 1025 3182 Nos
1043 3142 1133 3183 onera
1146 3123 1331 3200 quibusdam,

267 3224 376 3294 bestiis,
391 3242 445 3281 nos
460 3223 526 3297 iuga
540 3222 717 3298 inponimus,
732 3240 787 3281 nos
808 3222 1030 3298 elephantorum
1052 3222 1233 3280 acutissumis
1254 3240 1319 3281 sen·

230 3341 256 3379 ³0
268 3321 356 3391 sibuS,
371 3338 425 3378 nos
439 3320 595 3395 sagacitate
610 3338 718 3378 canum
732 3317 772 3378 ad
786 3317 939 3377 utilitatem
954 3328 1083 3378 nostram
1097 3318 1251 3390 abutimur,
1266 3337 1320 3378 nos

268 3435 285 3474 e
300 3426 391 3474 terrae
406 3417 654 3496 cavernisferrum
670 3416 812 3491 eligimus,
826 3433 889 3473 rem
903 3413 942 3472 ad
957 3414 1099 3473 colendos
1112 3433 1197 3489 agros
1218 3433 1319 3474 neees-

242 3545 245 3550 -
267 3513 381 3583 sariam,
395 3529 449 3570 nos
463 3513 545 3583 aeris,
560 3513 680 3587 argenti,
696 3511 756 3569 auri
776 3528 865 3569 venas
886 3510 1003 3586 penitus
1023 3510 1138 3568 abditas
1158 3511 1319 3569 invenimus

268 3617 299 3666 et
311 3607 350 3666 ad
365 3626 448 3667 usum
463 3618 545 3683 aptas
560 3618 590 3667 et
603 3607 797 3676 adornatum
819 3605 952 3678 decoras,
974 3607 1109 3666 arborum
1130 3616 1226 3666 autem
1248 3627 1319 3666 con-

268 3705 398 3764 sectione
413 3706 552 3781 omnique
567 3705 686 3763 materia
700 3715 730 3763 et
744 3703 821 3763 culta
836 3713 866 3762 et
886 3703 1006 3763 silvestri
1028 3704 1132 3779 partim
1153 3703 1192 3763 ad
1213 3704 1318 3763 calfici-

231 3820 256 3860 as
269 3801 380 3862 endum
401 3800 587 3886 corpusigni
608 3801 739 3860 adhibito
759 3799 849 3860 etad
870 3799 1062 3877 mitigandum
1083 3802 1183 3861 cibum
1204 3802 1319 3874 utimur,
