2932 4364
515 382 565 433 DE
585 382 731 434 NATURA
752 382 912 434 DEORUM.

539 699 895 782 FRAGMENTA

293 896 346 950 EX
371 896 486 949 LIBRO
511 897 564 950 DE
589 896 753 950 NATURA
778 897 947 951 DEORUM
972 898 1130 951 TERTIO.

232 1071 257 1111 1.
285 1031 421 1111 lactant.
436 1053 503 1111 inst.
519 1053 577 1111 dio.
591 1051 635 1124 ΙΙ,
645 1066 678 1126 3,
694 1051 939 1128 2:„Intellegebot
958 1052 1059 1111 Cicero
1068 1052 1156 1128 salso
1170 1073 1239 1127 esse,

187 1169 263 1226 qnae
282 1149 413 1209 homines
433 1151 603 1208 adorarent.
644 1149 815 1208 Nemeum
838 1151 931 1209 molto
952 1151 1080 1223 dixisset,
1102 1170 1178 1227 quoe
1200 1152 1244 1210 od

186 1249 361 1307 eversionem
383 1249 553 1323 religionum
575 1248 714 1320 valerent,
732 1249 779 1307 ait
796 1256 895 1307 tomen
915 1265 977 1307 non
998 1266 1063 1307 esse
1085 1249 1132 1307 illa
1152 1250 1239 1325 vulgo

187 1343 373 1420 disputanda,
401 1362 439 1403 ne
467 1354 617 1420 susceptas
645 1344 762 1420 publice
793 1344 947 1420 religiones
983 1344 1142 1420 disputatio
1176 1346 1240 1404 talis

186 1442 359 1517 exstinguat.

228 1558 255 1597 2.
282 1539 419 1598 Melani.
440 1539 507 1598 inst.
532 1539 589 1598 dio.
609 1537 653 1611 Il,
673 1538 702 1610 8,
724 1553 763 1597 10
771 1561 782 1597 .·
807 1538 906 1603 Cicero
928 1539 962 1596 de
983 1546 1095 1597 notura
1120 1540 1238 1598 deorum

185 1636 339 1710 en’spntons
358 1636 400 1692 sic
420 1635 481 1692 ait:
504 1635 633 1693 Primum
654 1635 739 1709 igitur
759 1653 819 1693 non
842 1644 886 1693 est
907 1635 1057 1711 probabile
1083 1654 1150 1693 eam
1177 1654 1239 1693 ma-

158 1807 160 1811 ¹
185 1729 287 1788 teriam
308 1748 413 1800 rerum,
435 1727 515 1787 unde
537 1739 600 1787 orta
620 1740 688 1788 sunt
709 1731 824 1802 omnia,
839 1747 903 1788 esse
929 1729 1028 1788 divina
1055 1729 1240 1805 providentia

185 1825 330 1897 effectam,
352 1825 406 1884 sed
427 1824 535 1883 habere
557 1835 586 1883 et
607 1825 741 1884 habuisse
762 1826 823 1884 vim
847 1836 877 1884 et
904 1837 1036 1884 naturam
1065 1845 1156 1885 suam.
1198 1828 1240 1886 Ut

185 1921 271 1998 igitur
284 1922 374 1994 saber,
385 1939 454 1979 cum
469 1920 540 1996 quid
555 1920 760 1981 aedificaturus
775 1933 828 1995 est,
844 1941 905 1980 non
920 1923 983 1997 ipse
997 1922 1065 1980 iacit
1079 1924 1238 1995 materiam,

186 2018 240 2078 sed
254 2037 290 2078 ea
303 2020 399 2091 utitur,
414 2036 491 2095 quae
512 2019 548 2077 sit
568 2028 677 2095 parata,
695 2019 837 2095 fictorque
860 2020 929 2078 item
952 2037 1028 2090 cera,
1044 2020 1086 2077 sic
1107 2020 1152 2078 isti
1172 2038 1238 2096 pro-

185 2115 332 2175 videntiae
353 2115 468 2174 divinae
490 2115 641 2173 materiam
662 2124 778 2189 praesto
812 2133 877 2174 esse
904 2116 1041 2190 oportuit,
1063 2133 1123 2174 non
1151 2135 1239 2191 quam

186 2213 249 2287 ipse
263 2213 381 2283 faceret,
395 2211 449 2270 sed
464 2230 553 2286 quam
567 2211 687 2270 haberet
703 2220 843 2287 paratam.
887 2211 1002 2285 Quodsi
1017 2229 1078 2269 non
1092 2222 1136 2269 est
1150 2231 1168 2269 a
1181 2210 1239 2270 deo

187 2308 308 2366 materia
327 2307 412 2379 sacta,
434 2297 472 2364 ne¹
493 2316 569 2365 terra
588 2305 708 2381 quidem
733 2316 761 2364 et
783 2325 859 2381 aqua
879 2316 909 2364 et
929 2307 978 2364 a'e'r
999 2316 1029 2364 et
1049 2307 1123 2381 ignis
1143 2325 1161 2364 a
1181 2306 1240 2365 deo

187 2403 280 2463 sactus
294 2414 347 2463 est.

228 2521 256 2578 3.
283 2500 369 2560 Maii
379 2508 444 2560 vett.
458 2500 578 2577 interpr.
600 2499 676 2576 Virg.
685 2510 717 2577 p.
733 2516 782 2574 45,
803 2501 846 2559 ed.
866 2499 948 2559 Med,
971 2500 1055 2576 opud
1074 2498 1239 2557 Ciceronem

180 2598 221 2658 'de
235 2606 345 2657 namra
360 2599 479 2657 deornm
493 2598 547 2670 JT,
563 2598 616 2656 nbi
628 2599 661 2656 de
681 2597 830 2656 Cleomene
843 2597 1075 2657 Lacedaemonio
1097 2641 1105 2656 .
1127 2641 1135 2656 .
1157 2642 1165 2656 .

230 2693 275 2774 [4.
302 2695 459 2754 Diomedes
472 2695 498 2766 Ι,
507 2704 540 2771 p.
551 2709 626 2768 313,
642 2709 690 2774 ιο,
705 2695 784 2754 Keil.
832 2694 932 2754 Cicero
946 2696 981 2752 de
994 2696 1113 2752 deorum
1129 2703 1240 2752 namra

186 2794 286 2852 tertio:
305 2791 439 2851 homines
454 2791 591 2850 omnibus
606 2791 705 2850 bestiis
720 2790 910 2850 antecedunt.
951 2791 1030 2868 (Vid
1040 2792 1075 2848 de
1088 2791 1135 2866 off
1149 2790 1240 2863 I‚30‚

186 2885 292 2965 105·)]

496 3012 549 3066 EX
574 3012 700 3067 LIBRIS
727 3012 920 3066 INCERTIS.

208 3231 211 3238 Ι
229 3168 256 3229 5.
284 3149 365 3210 Sero.
383 3151 428 3208 od
444 3149 523 3225 Verg.
538 3151 612 3208 Aen.
626 3149 687 3221 Ill,
704 3149 783 3224 284:
809 3150 924 3208 Tullius
937 3150 970 3208 in
984 3150 1059 3210 libro
1078 3151 1112 3208 de
1131 3158 1241 3208 notura

187 3249 307 3307 deornm
322 3247 376 3306 tria
390 3247 467 3306 milia
481 3265 624 3306 annorum
639 3248 720 3307 doci!
732 3265 871 3323 magnum
886 3265 996 3306 annum
1010 3257 1120 3306 tenere.

231 3341 276 3424 [6.
305 3344 386 3405 Sero.
401 3345 446 3403 od
462 3344 540 3420 Verg.
555 3346 629 3404 Aen.
644 3344 705 3417 Ill,
721 3341 799 3404 ὅσοι
824 3345 924 3404 Cicero
943 3344 1101 3420 spiritabile
1121 3345 1241 3404 dooitin

90 3509 91 3512 Ἴ
187 3443 270 3501 libris
284 3443 319 3501 de
332 3443 452 3500 deornm
468 3450 589 3501 teodoro.
635 3441 719 3519 (Vid.
734 3443 776 3501 N.
791 3442 834 3501 D.
850 3442 893 3513 II,
909 3438 1039 3519 6‚18.)]

232 3536 277 3616 [7.
305 3537 387 3599 Sero.
402 3539 447 3596 od
463 3538 542 3614 Verg.
557 3539 632 3597 Aen.
648 3538 695 3610 VI,
711 3538 789 3614 894:
808 3539 868 3596 Per
878 3547 999 3614 portam
1015 3557 1151 3596 corneam
1166 3540 1244 3597 ocnli

187 3633 398 3711 significantur,
422 3636 475 3711 qni
495 3644 525 3693 et
546 3635 646 3693 cornei
670 3644 741 3693 sunt
761 3644 792 3692 et
812 3635 946 3693 dnn'ores
971 3636 1070 3692 ceteris
1086 3634 1241 3700 membris,·

188 3751 259 3789 nom
263 3730 366 3807 frigus
381 3751 440 3790 non
458 3733 596 3803 sentirent,
611 3732 689 3790 sicut
707 3733 795 3790 etiam
824 3731 925 3790 Cicero
947 3730 1029 3790 dixit
1047 3731 1080 3789 in
1102 3731 1185 3789 libris
1207 3732 1241 3788 de

189 3837 301 3886 notiora
315 3830 444 3888 deornm.
492 3827 576 3905 (Vid.
591 3827 633 3887 N.
647 3828 690 3887 D.
705 3828 749 3900 ΙΙ,
760 3841 813 3903 57,
828 3824 935 3904 144.)]
