2932 4364
465 381 530 431 nra.
548 366 584 431 rl.
617 383 679 431 mr.
694 382 868 433 cvr-cvm.
902 384 932 448 §a
948 395 1066 450 unus·
1233 381 1289 449 125

240 542 385 593 verterent
395 554 404 608 ;
426 535 562 610 aciesque
587 535 658 610 ipsa,
677 555 736 612 qua
760 536 915 608 cernimus,
935 555 1010 612 quae
1033 537 1143 612 pupula
1164 545 1293 609 vocatur,

241 630 281 687 ita
295 650 382 706 parva
396 640 448 702 est,
463 642 495 688 ut
509 650 553 701 ea,
569 650 645 706 quae
666 650 774 690 nocere
796 633 916 708 possint,
932 633 1015 691 lacile
1030 633 1110 704 vitet,
1125 632 1293 708 palpebrae·

241 745 308 802 que,
323 745 398 802 quae
413 737 479 785 sunt
494 737 643 803 tegmenta
656 729 818 801 oculorum,
833 729 1018 788 mollissimae
1033 738 1123 800 tactu,
1138 747 1175 788 ue
1196 729 1293 789 laede-
1368 742 1372 749 “

241 834 305 882 rent
326 825 430 895 aciem,
444 825 593 899 aptissime
614 825 708 883 factae
723 835 752 883 et
767 825 806 883 ad
823 823 1002 884 claudendas
1024 828 1156 902 pupulas,
1171 845 1208 885 ne
1223 827 1310 903 quidv

210 945 223 984 s
243 920 393 993 incideret,
414 930 445 979 et
466 920 505 980 ad
527 921 709 996 aperiendas,
731 921 821 998 idque
843 922 971 998 providit
992 932 1024 982 ut
1048 922 1210 983 identidem
1234 925 1295 983 fieri

241 1027 341 1094 posset
369 1036 437 1076 cum
465 1019 591 1077 maxima
619 1020 776 1079 celeritate.
819 1004 1017 1096 'Munitaeque
1045 1030 1113 1080 sunt
1138 1021 1294 1097 palpebrae
1302 1031 1339 1073 ¹⁴³

241 1125 391 1190 tamquam
410 1116 485 1173 vallo
505 1116 640 1190 pilorum,
655 1116 760 1192 quibus
780 1126 811 1175 et
832 1117 939 1192 apertis
962 1117 1063 1190 oculis,
1083 1119 1107 1178 si
1130 1118 1201 1194 quid
1224 1119 1294 1177 inci-

242 1211 334 1283 deret,
349 1212 544 1286 repelleretur,
564 1222 594 1271 et
613 1231 719 1272 somno
739 1213 952 1286 coniventibus,
974 1233 1043 1273 cum
1063 1216 1154 1275 oculis
1174 1216 1212 1275 ad
1233 1234 1295 1275 cer-

165 1318 167 1322 ‘
242 1308 373 1366 nendum
387 1327 448 1366 non
463 1326 624 1383 egeremus,
636 1300 668 1367 ut
682 1309 701 1367 ii
717 1318 867 1384 tamquam
879 1309 1000 1367 involuti
1014 1309 1206 1383 quiescerent.
1240 1315 1294 1372 La-

205 1428 230 1455 ιο
243 1412 304 1460 tent
322 1413 472 1477 praeterea
493 1404 600 1462 utiliter
621 1413 651 1462 et
672 1404 793 1462 excelsis
817 1403 946 1480 undique
969 1405 1097 1480 partibus
1119 1409 1294 1484 saepiuntur.

249 1502 376 1559 Primum
390 1502 469 1559 enim
483 1503 631 1577 superiora
645 1500 805 1576 superciliis
820 1502 952 1561 obducta
965 1502 1103 1562 sudorem
1121 1523 1139 1562 a
1160 1505 1255 1581 capite
1270 1515 1300 1564 et

247 1599 341 1657 fronte
363 1597 540 1658 defluentem
563 1598 706 1674 repellunt
717 1618 726 1672 ;
750 1617 843 1676 genae
867 1598 975 1659 deinde
1000 1601 1038 1660 ab
1061 1601 1193 1682 inferiore
1218 1615 1299 1679 parte

248 1705 376 1756 tutantur
396 1697 543 1756 subiectae
566 1696 727 1772 leniterque
751 1697 933 1771 eminentes;
954 1717 1100 1774 nasusque
1124 1686 1169 1759 ita¹
1187 1700 1300 1760 locatus

249 1804 301 1865 est,
321 1804 352 1852 ut
373 1794 456 1870 quasi
479 1813 576 1852 murus
600 1794 692 1853 oculis
716 1795 884 1854 interiectus
909 1813 973 1854 esse
994 1796 1134 1856 videatur.
1176 1786 1301 1859 Auditus
1309 1809 1345 1851 144

212 1915 236 1952 ts
249 1903 346 1949 autem
369 1909 488 1965 semper,
506 1900 586 1965 patet
597 1910 606 1963 ς
631 1891 692 1949 eius
716 1892 794 1950 enim
815 1910 902 1950 seusu
924 1893 1012 1950 etiam
1034 1892 1213 1953 dormientes
1233 1913 1301 1971 ege·

249 2005 333 2059 mus;
354 2005 372 2044 a
386 2005 445 2062 quo
459 2005 528 2044 cum
542 2005 631 2045 sonus
645 1996 690 2045 est
703 1997 851 2062 acceptus,
866 1989 954 2046 etiam
976 2007 992 2046 e
1013 2007 1119 2047 somno
1133 1991 1302 2050 excitamur.

251 2084 426 2141 Flexuosum
448 2083 502 2140 iter
521 2082 619 2153 habet,
635 2100 672 2139 ue
688 2082 759 2158 quid
780 2083 884 2142 intrare
909 2085 1008 2159 possit,
1023 2086 1048 2143 si
1069 2086 1193 2161 simplex
1207 2098 1236 2144 et
1249 2087 1302 2145 de·

249 2189 362 2238 rectum
386 2188 497 2254 pateret
508 2199 517 2251 ;
545 2179 693 2254 provisum
720 2179 817 2251 etiam,
840 2188 882 2250 ut,
906 2180 931 2238 si
956 2198 1014 2256 qua
1038 2182 1158 2240 minima
1181 2183 1304 2241 bestiola

250 2286 404 2335 conaretur
423 2276 597 2351 inrumpere,
613 2276 643 2334 in
664 2276 799 2334 sordibus
821 2277 934 2335 aurium
957 2287 1107 2353 tamquam
1122 2278 1152 2337 in
1164 2279 1245 2338 visco
1259 2280 1301 2338 in·

213 2374 441 2432 aohaeresceret¹
485 2375 574 2431 Extra
597 2383 696 2430 autem
720 2373 852 2431 eminent
871 2391 946 2448 quae
967 2374 1149 2450 appellantur
1168 2394 1252 2435 aures
1274 2386 1304 2435 et

251 2469 370 2545 tegendi
393 2488 481 2528 causa
503 2470 596 2527 iactae
621 2468 792 2544 tutandique
815 2487 927 2542 sensus,
946 2480 976 2528 et
998 2489 1036 2529 ne
1060 2471 1193 2530 adiectae
1215 2491 1303 2532 vooes

251 2566 415 2624 laberentur
427 2576 514 2641 atque
529 2575 664 2637 errarent,
680 2566 757 2640 prius
772 2584 861 2640 quam
875 2584 977 2625 sensus
992 2567 1030 2626 ab
1045 2568 1078 2626 iis
1096 2569 1195 2643 pulsus
1217 2579 1302 2628 esset.

252 2661 309 2722 Sed
332 2660 420 2721 duros
441 2671 471 2719 et
491 2662 573 2737 quasi
595 2661 749 2720 corneolos
774 2661 884 2721 habent
906 2663 1038 2722 introitus
1060 2663 1214 2739 multisque
1234 2667 1314 2723 cum

252 2759 382 2830 flexibus,
397 2757 477 2834 quod
499 2759 544 2816 his
567 2758 676 2816 naturis
697 2757 802 2816 relatus
823 2759 1015 2833 amplificatur
1036 2778 1145 2832 sonus;
1165 2763 1304 2836 quocirca

215 2875 239 2914 as
252 2865 282 2912 et
296 2854 325 2913 in
340 2853 445 2913 fidibus
459 2853 604 2913 testudine
619 2865 770 2913 resonatur
787 2864 837 2912 aut
858 2873 959 2926 cornu,
974 2864 1004 2913 et
1025 2873 1062 2914 ex
1081 2858 1216 2915 tortuosis
1231 2859 1303 2916 locis

253 2959 283 3008 et
297 2950 413 3009 inclusis
427 2951 494 3008 soni
505 2951 666 3009 reseruntur
679 2952 843 3028 ampliores.
887 2951 1022 3010 Similiter
1035 2969 1127 3023 nares,
1137 2970 1212 3028 quae
1226 2966 1348 3011 sem-ru
1385 3023 1388 3029 1

253 3065 305 3122 per
328 3055 446 3122 propter
469 3047 646 3105 necessarias
671 3047 806 3106 utilitates
831 3056 941 3123 patent,
963 3047 1171 3106 contractiores
1195 3048 1305 3107 habent
1357 3084 1359 3088 ,

254 3143 395 3214 introituS,
408 3161 447 3202 ne
463 3143 534 3219 quid
555 3144 585 3202 in
608 3162 665 3216 eas,
681 3143 763 3220 quod
774 3154 901 3216 noceat,
923 3144 1015 3220 possit
1037 3143 1206 3219 pervadere,
1221 3163 1304 3203 umo-

253 3256 373 3314 remque
387 3256 503 3315 semper
520 3239 629 3298 habent
649 3240 688 3299 ad
708 3241 857 3316 pulverem
882 3241 1030 3316 multaque
1053 3240 1108 3298 alia
1130 3239 1306 3316 depellenda

217 3356 242 3395 ao
255 3354 314 3394 non
333 3336 473 3396 inutilem.
516 3338 655 3397 Gustatus
676 3338 822 3414 praeclare
837 3347 955 3413 saeptus
976 3347 1021 3396 est
1031 3358 1040 3411 ;
1062 3355 1112 3395 ore
1134 3338 1212 3395 enim
1233 3356 1304 3396 con·

254 3433 362 3490 tinetur
375 3442 404 3490 et
418 3432 456 3491 ad
471 3452 555 3491 usum
569 3444 637 3509 apte
652 3433 735 3492 etad
749 3433 955 3493 incolumitatis
970 3435 1145 3493 custodiam.
1188 3435 1304 3494 Omnis·

255 3547 312 3602 que
340 3547 442 3587 sensus
476 3529 629 3588 hominum
663 3530 755 3588 multo
789 3530 936 3588 antecellit
970 3531 1103 3588 sensibus
1138 3530 1304 3588 bestiarum.

256 3625 384 3683 Primum
399 3625 477 3683 enim
492 3625 570 3685 oculi
591 3626 621 3684 in
642 3626 676 3685 iis
697 3626 815 3697 artibus,
831 3644 953 3702 quarum
975 3624 1117 3684 iudicium
1139 3634 1184 3684 est
1205 3628 1350 3686 oculo-58

255 3719 332 3794 rum,
343 3722 373 3780 in
387 3722 480 3799 pictis,
496 3723 570 3782 lictis
585 3723 761 3799 caelatisque
780 3723 888 3793 formis,
904 3724 933 3781 in
955 3741 1111 3800 corporum
1133 3723 1219 3783 etiam
1242 3743 1305 3784 mo·

218 3843 243 3883 as
255 3818 335 3877 tione
356 3829 443 3895 atque
464 3828 548 3895 gestu
573 3820 664 3879 multa
687 3828 811 3880 cernunt
835 3819 986 3895 subtilius3
1007 3820 1139 3880 colorum
1163 3820 1251 3880 etiam
1276 3831 1306 3881 et
