2932 4364
420 355 485 403 Lm.
500 354 535 404 u.
567 355 629 404 cns.
641 354 764 416 xxxv1,
777 354 913 404 xxxvu.
947 353 1078 418 seusa
1214 329 1294 416 '107'

152 520 155 532 ·
223 505 295 564 tanti
313 506 410 581 operis
432 506 562 581 tantique
585 506 721 565 muneris,
764 507 853 564 Nunc
874 515 973 564 autem
995 506 1067 563 mihi
1079 504 1215 563 videntur
1236 514 1319 568 nette

223 600 363 675 suspicari
390 599 520 676 quidem,
544 611 655 676 quanta
680 601 717 659 sit
745 600 949 659 admirabilitas
977 601 1146 659 caelestium
1179 616 1275 658 rerum

223 705 312 771 atque
334 696 518 754 terrestrium.

265 793 411 868 Principio
431 793 509 850 enim
531 801 606 850 terra
628 793 682 851 sita
704 793 734 851 in
757 792 855 867 media
875 801 956 868 parte
979 791 1083 850 muudi
1103 793 1278 851 circumfusa
1289 803 1314 844 ⁰1

193 905 205 945 s
224 887 355 964 undique
370 897 415 947 est
429 888 484 947 hac
498 888 616 946 animali
636 889 820 964 spirabilique
842 897 952 959 natura,
968 889 1016 945 cui
1036 906 1147 946 nomen
1160 898 1204 947 est
1218 889 1276 958 aer,

225 985 373 1045 Graecum
387 985 458 1044 illud
472 984 602 1061 quidem,
614 984 667 1044 sed
681 994 852 1062 perceptum
869 985 927 1043 iam
940 994 1039 1044 omen
1054 1004 1107 1044 usu
1121 1003 1140 1043 a
1153 985 1276 1058 nostris,

224 1082 323 1141 tritum
337 1091 382 1142 est
394 1084 473 1142 euim
488 1101 541 1159 pro
557 1083 671 1143 Latino.
714 1083 806 1142 Hunc
819 1100 916 1141 rursus
929 1083 1114 1158 amplectitur
1129 1082 1278 1143 inmensus

224 1181 334 1253 aether,
349 1180 399 1256 qui
420 1190 535 1241 constat
555 1199 592 1239 ex
614 1180 757 1240 altissimis
779 1179 902 1256 ignibus.
945 1181 1116 1239 Mutuemur
1134 1180 1192 1239 hoc
1206 1197 1277 1256 quo·

224 1296 283 1353 que
297 1279 427 1350 verbum,
442 1277 613 1354 dicaturque
631 1287 693 1337 tam
714 1278 849 1337 ‘aether'
872 1277 984 1350 Latine,
999 1296 1087 1354 quam
1101 1276 1206 1337 dicitur
1219 1277 1278 1349 air,

189 1395 213 1424 ιο
225 1375 281 1434 etsi
294 1375 496 1462 interpretatur
510 1375 669 1433 Pacuvius:

267 1506 364 1576 Hoc,
386 1503 485 1579 quod
510 1520 685 1576 memoro,
708 1504 826 1562 nestri
850 1504 1007 1575 caelum,
1026 1504 1129 1564 Graii
1153 1501 1278 1578 perhi-

990 1601 1080 1686 bent
1103 1599 1280 1672 aethera3
1313 1680 1315 1685 Ι

185 1791 199 1798 υ
227 1750 309 1826 quasi
324 1755 393 1808 vero
407 1768 467 1808 non
485 1750 588 1809 Graius
610 1749 668 1807 hoc
682 1748 771 1808 dicat.
814 1750 859 1835 ΑῑΙ
873 1748 976 1806 Latine
996 1747 1131 1823 loquitur.
1174 1746 1203 1804 Si
1216 1745 1280 1821 qui·

228 1847 296 1905 dem
311 1865 365 1931 nos
380 1864 441 1936 non
455 1846 536 1921 quasi
552 1847 665 1905 Graece
686 1845 857 1921 loquentem
878 1844 1039 1903 audiamus.
1082 1843 1181 1901 Docet
1200 1840 1280 1900 idem

159 1942 160 1946 ’
191 1943 285 2000 xsatio
299 1943 385 2000 loco:

268 2088 478 2161 Graiugena
504 2085 549 2145 de
578 2086 674 2145 istoc
702 2085 823 2162 aperit
852 2086 931 2161 ipsa
959 2085 1116 2143 oration

228 2232 294 2293 Sed·
314 2231 353 2291 ad
386 2232 496 2290 maiora
523 2231 686 2291 redeamus.
730 2232 775 2290 Ex
802 2229 919 2288 aethere
948 2228 1032 2306 igitur
1059 2228 1321 2291 innumerabilesus

196 2397 198 2401 y
228 2329 362 2403 flammae
377 2329 505 2388 siderum
519 2329 654 2400 existunt,
669 2347 794 2405 quorum
814 2337 858 2387 est
879 2327 1016 2403 princeps
1038 2325 1083 2385 sol
1104 2325 1204 2385 omnia
1225 2324 1283 2383 cla·

228 2426 339 2485 tissima
363 2427 427 2484 luce
451 2426 640 2496 conlustrans,
661 2425 758 2484 multis
782 2425 911 2499 partibus
935 2422 1028 2481 maior
1052 2433 1138 2497 atque
1161 2421 1285 2497 amplior

191 2546 217 2574 ro
230 2540 318 2597 quam
338 2531 414 2580 terra
433 2523 574 2592 universa,
589 2520 698 2579 deinde
719 2521 830 2596 reliqua
853 2519 949 2588 sidera
972 2504 1307 2605 magnitudinibus
1241 2537 1283 2575 m-

230 2619 347 2676 mensis.
388 2619 484 2698 Atque
508 2617 538 2674 hi
559 2618 631 2675 tanti
655 2617 737 2692 ignes
760 2625 878 2690 tamque
893 2611 984 2672 multi
1012 2632 1072 2672 non
1097 2597 1189 2672 modo
1213 2613 1284 2671 nihil

228 2721 338 2771 nocent
352 2713 433 2771 terris
447 2712 591 2787 rebusque
613 2711 802 2780 terrestribus,
818 2709 872 2769 sed
894 2709 934 2768 ita
956 2717 1086 2785 prosunt,
1102 2717 1142 2779 ut,
1157 2709 1182 2766 si
1204 2717 1310 2766 mota
1319 2697 1325 2764 ἓ

229 2808 297 2867 loco
311 2807 378 2879 sint,
393 2809 569 2884 conflagrare
584 2817 674 2866 terras
695 2824 818 2866 necesse
839 2807 876 2865 sit
898 2824 916 2868 a
938 2805 1024 2864 tantis
1046 2804 1198 2864 ardoribus
1219 2822 1283 2862 mo·

231 2905 381 2964 deratione
396 2915 427 2964 et
440 2905 651 2981 temperatione
666 2904 787 2964 sublata

193 3028 217 3069 ¹5
272 3004 333 3062 Hic
347 3022 403 3079 ego
417 3021 478 3062 non
494 3003 580 3062 mirer
593 3020 657 3062 esse
671 3020 860 3078 quemquam,
875 2999 926 3077 qui
946 2999 1001 3060 sibi
1021 2970 1198 3076 persuadeat
1218 3016 1282 3057 cor·
1289 2979 1325 3035 ⁸⁷

230 3119 302 3179 pora
315 3100 462 3182 quaedam
476 3099 569 3161 solida
582 3110 670 3177 atque
684 3098 878 3159 individua
851 3118 880 3158 vr
901 3107 931 3157 et
950 3085 1089 3175 grauitate
1110 3096 1186 3169 ferri,
1201 3114 1284 3155 mun·

231 3198 361 3275 dumque
376 3199 454 3258 effici
474 3198 689 3257 ornatissimum
704 3207 734 3256 et
748 3195 977 3274 pulcherrimum
998 3214 1036 3253 ex
1056 3212 1158 3253 eorum
1179 3211 1285 3268 corpo·

148 3330 150 3335 ,
230 3314 294 3353 rum
309 3296 502 3354 concursione
517 3295 654 3354 fortuita?
696 3295 767 3353 Hoc
777 3294 828 3369 qui
842 3293 987 3351 existimat
999 3291 1062 3349 fieri
1076 3291 1215 3366 potuisse,
1225 3308 1286 3348 non

231 3392 376 3465 intellego,
391 3409 444 3448 cur
456 3409 518 3449 non
538 3389 618 3448 idem
631 3399 723 3465 putet,
738 3391 762 3447 si
783 3387 1007 3447 innumerabiles
1028 3387 1113 3445 unius
1135 3396 1166 3444 et
1186 3386 1286 3460 viginti

194 3509 220 3546 ³0
231 3486 341 3543 formae
363 3485 521 3543 litterarum
542 3485 589 3543 vel
610 3503 715 3542 aureae
737 3484 782 3542 vel
803 3481 976 3558 qualeslibet
997 3481 1096 3556 aliquo
1118 3481 1286 3550 coiciantur,

207 3582 217 3605 ²
231 3599 319 3656 posse
335 3581 418 3657 exiis
437 3581 586 3639 interram
608 3579 737 3660 excussis
752 3578 879 3636 ¹annales
902 3576 999 3647 Ennii,
1014 3585 1047 3633 ut
1068 3574 1209 3650 deinceps
1232 3574 1287 3648 legi

232 3677 353 3752 possint,
369 3677 444 3734 effici
455 3698 464 3750 3
486 3676 567 3753 quod
581 3676 681 3735 nescio
696 3694 734 3734 au
754 3692 792 3733 ne
815 3673 846 3733 in
867 3690 928 3731 uno
948 3671 1069 3748 quidem
1090 3688 1174 3730 versu
1195 3670 1288 3746 possit

232 3781 347 3832 tantum
360 3774 454 3832 valere
470 3774 594 3833 fortuna.
637 3773 690 3833 Isti
702 3765 801 3832 autem
816 3789 906 3849 quem
919 3768 959 3828 ad
980 3766 1102 3827 modum
1116 3766 1288 3825 adseverant
1300 3789 1326 3830 ut
