2932 4364
146 329 158 341 ''
181 365 184 371 ·
204 397 205 401 η
229 369 290 430 ιι4
552 365 601 415 on
622 365 767 416 aarum
790 364 950 415 osonum

225 484 325 579 autem
338 518 573 595 Septentrionem
587 517 726 593 Cepheus
747 518 838 594 passis
858 519 963 593 palmis
984 536 1002 576 a
1022 527 1103 594 tergo
1125 519 1276 597 subsequi·

225 625 271 676 tur
282 638 289 677 ε

307 743 472 817 Namque
500 741 618 816 ipsum
645 738 697 798 ad
717 749 857 816 tergum
885 741 1096 816 Cynosurae
1125 741 1279 800 vertitur

1029 837 1145 896 Arcti.

227 920 319 978 Hunc
340 916 489 976 antecedit
992 937 996 945 ⁴
1111 961 1113 966 .
1299 952 1312 992 3

309 1048 474 1108 Obscura
501 1047 626 1122 specie
655 1047 844 1105 stellarum
872 1047 1078 1123 Cassiepia.

310 1145 415 1203 Hanc
443 1153 563 1202 autem
590 1143 738 1202 inlustri
761 1153 927 1202 versatur
950 1161 1105 1219 corpore
1129 1154 1281 1222 propter

307 1238 541 1300 Andromeda
575 1240 770 1315 aufugiens
810 1249 1001 1314 aspectum
1042 1252 1180 1299 maesta
1217 1259 1279 1317 pa·

1031 1339 1158 1397 rentis.

307 1435 405 1494 Huic
421 1437 543 1511 Equus
563 1434 625 1492 ille
643 1434 763 1492 iubam
777 1434 949 1508 quatiens
968 1433 1111 1508 fulgore
1128 1435 1279 1493 micanti
1294 1467 1319 1496 ιο

308 1522 486 1592 Summum
515 1530 699 1606 contingit
728 1540 838 1605 caput
864 1530 960 1602 alvo,
986 1531 1168 1606 stellaque
1199 1532 1279 1590 iun·

1028 1647 1115 1704 gens

306 1727 387 1786 Una
414 1734 516 1783 tenet
544 1723 713 1799 duplices
741 1724 925 1781 communi
952 1724 1089 1783 lumine
1118 1727 1252 1784 formas

308 1826 504 1881 Aeternum
529 1839 570 1878 ex
594 1820 704 1877 astris
726 1821 880 1895 cupiens
906 1831 1105 1879 conectere
1130 1822 1278 1883 nodum.

309 1919 400 1978 Exin
430 1916 612 1976 contortis
639 1916 743 1975 Aries
771 1933 851 1974 cum
879 1917 1054 1975 cornibus
1082 1918 1233 1992 haeret;
1294 1943 1317 1984 15

228 2086 317 2146 quem
338 2074 457 2143 propter

310 2199 450 2268 Pisces,
473 2213 625 2272 quorum
652 2195 744 2253 alter
770 2195 917 2270 paulum
945 2197 1173 2271 praelabitur
1196 2207 1279 2256 ante

311 2295 355 2352 Et
383 2292 495 2367 magis
523 2290 715 2348 horriferis
742 2290 928 2364 aquilonis
955 2293 1118 2380 tangitur
1144 2295 1256 2352 auris.

184 2413 275 2521 ffilld
296 2439 389 2517 pedes
410 2435 617 2523 Andromedae
639 2437 760 2494 Perseus
781 2435 961 2510 describitur,

309 2588 424 2661 Quem
461 2603 597 2644 summa
633 2583 677 2642 ab
716 2584 867 2660 regione
907 2586 1092 2661 aquilonis
1132 2589 1320 2648 flamina„

876 2758 886 2775 η
1032 2686 1194 2761 pulsant.

308 2784 420 2846 Cuius
442 2792 594 2860 propter
615 2781 758 2848 laevum
780 2771 894 2858 genus
917 2784 1013 2842 omni
1037 2802 1079 2842 ex
1103 2796 1207 2861 parte
1228 2786 1281 2845 lo-

1034 2893 1135 2942 catas

310 2980 441 3039 Parvae
467 2978 650 3052 Vergilias
677 2978 780 3036 tenui
807 2996 887 3037 cum
914 2977 997 3037 luce
1024 2979 1183 3040 videbis.

310 3076 401 3137 Inde
431 3075 540 3135 Fides
568 3077 691 3152 posita
718 3086 753 3135 et
775 3077 908 3135 leviter
932 3095 1097 3136 convexa
1120 3078 1280 3139 videtur.
1295 3113 1319 3153 ις

311 3175 402 3234 Inde
430 3182 486 3233 est
513 3174 589 3232 ales
618 3174 702 3232 Avis
730 3175 805 3232 lato
833 3175 899 3234 sub
927 3175 1087 3250 tegmine
1116 3178 1224 3242 caeli.

230 3307 327 3382 Capiti
348 3315 446 3364 autem
465 3306 541 3380 Equi
563 3305 696 3381 proxima
715 3313 759 3363 est
780 3304 899 3379 Aquarii
920 3303 1023 3362 dextra
1042 3313 1179 3381 totusque
1199 3306 1281 3365 dein·

230 3421 301 3479 ceps
321 3402 473 3478 Aquarius.
1000 3417 1003 3424 ·

310 3535 399 3593 Tum
417 3530 580 3609 gelidum
599 3529 722 3589 valido
740 3528 785 3588 de
801 3539 955 3606 pectore
974 3531 1088 3607 frigus
1105 3532 1282 3591 anhelans

310 3631 474 3706 Corpore
497 3627 670 3687 semifero
692 3644 821 3701 magno
841 3627 1091 3702 Capricornus
1113 3629 1148 3686 in
1169 3629 1281 3703 orbe,
1295 3661 1321 3698 a>

311 3727 426 3800 Quem
454 3743 533 3781 cum
561 3732 742 3798 perpetuo
768 3723 920 3781 vestivit
946 3723 1082 3781 lumine
1109 3724 1232 3797 Titan,

311 3821 473 3882 Brumali
500 3819 658 3878 flectens
687 3827 910 3893 contorquet
933 3828 1099 3894 tempore
1123 3838 1281 3882 currum.
