2932 4364
513 370 579 419 ura.
596 370 632 419 11.
665 369 726 418 cn.
738 368 794 428 xv,
807 368 878 417 xvr.
913 370 943 432 ss
956 368 1045 430 Μ.
1258 368 1297 434 91

249 522 347 595 Negat
361 538 431 596 ergo
445 539 509 579 esse
524 520 655 592 dubium,
670 519 774 579 horum
796 519 906 594 ignium
920 519 964 577 sol
977 519 1032 576 utri
1054 518 1154 577 similis
1173 517 1219 590 sit,
1234 536 1302 575 cunr

249 617 272 674 is
286 633 404 691 quoque
419 615 536 687 efficiat,
552 625 583 673 ut
602 616 702 673 omnia
723 615 844 673 floreant
867 623 896 671 et
918 615 948 671 in
970 631 1023 671 suo
1044 630 1179 688 quaeque
1196 630 1303 687 genere

248 713 420 787 pubescant.
463 712 561 785 Quare
575 729 645 768 cum
659 711 726 769 solis
740 711 813 785 ignis
827 710 926 768 similis
946 727 1048 768 eorum
1069 710 1180 784 ignium
1194 710 1239 782 sit,
1253 709 1304 784 qui

248 817 316 867 sunt
329 809 359 866 in
374 807 545 882 corporibus
566 807 767 877 animantium,
782 806 875 863 solem
896 823 1015 880 quoque
1038 805 1217 863 animantem
1239 823 1302 862 esse

217 923 229 960 s
248 913 372 980 oportet,
384 912 414 962 et
425 901 545 979 quidem
560 902 672 976 reliqua
685 912 769 974 astra,
781 919 856 976 quae
871 901 999 958 oriantur
1012 901 1043 959 in
1057 899 1160 959 ardore
1174 900 1301 972 caelesti,

248 1001 298 1077 qui
312 1000 412 1060 aether
425 1001 471 1059 vel
492 998 606 1056 eaelum
622 997 796 1056 nominatur.
838 997 915 1057 Cum
936 997 1022 1073 igitur
1035 996 1156 1055 aliorum
1171 996 1301 1055 animan-
1314 1013 1340 1056 ta

248 1098 320 1157 tium
334 1109 414 1157 ortus
428 1097 458 1156 in
472 1105 548 1156 terra
560 1095 605 1168 sit,
622 1094 743 1153 aliorum
764 1094 794 1152 in
817 1112 902 1169 aqua,
916 1093 946 1152 in
968 1093 1035 1152 aere
1057 1093 1189 1166 aliorum,
1203 1093 1302 1152 absur-
1367 1085 1371 1094 '

248 1194 320 1255 dum
341 1215 405 1255 esse
426 1194 572 1254 Aristoteli
585 1191 699 1252 videtur
722 1191 752 1250 in
775 1210 811 1251 ea
828 1200 919 1269 parte,
934 1209 1009 1266 quae
1034 1191 1071 1250 sit
1093 1190 1133 1250 ad
1155 1190 1319 1268 gignenda

248 1292 406 1351 animantia
419 1292 576 1369 aptissima,
591 1289 698 1349 animal
712 1289 792 1365 gigni
812 1289 922 1347 nullum
937 1297 1048 1364 putare.
1089 1287 1191 1347 Sidera
1204 1297 1302 1345 autem

213 1408 237 1435 ιο
249 1388 409 1448 aetherium
436 1388 535 1446 locum
563 1387 716 1459 obtinent,
749 1385 800 1461 qui
827 1385 967 1461 quoniam
991 1384 1177 1442 tenuissimus
1202 1392 1246 1442 est
1273 1393 1303 1442 et

249 1503 365 1561 semper
378 1484 501 1561 agitatur
514 1493 544 1542 et
557 1484 643 1559 viget,
658 1500 779 1542 necesse
794 1491 847 1553 est,
862 1480 944 1557 quod
965 1479 1073 1538 animal
1093 1480 1124 1538 in
1145 1498 1182 1538 eo
1202 1481 1302 1555 gigna-

249 1591 303 1655 tur,
317 1580 349 1640 id
362 1589 392 1640 et
412 1599 498 1640 sensu
519 1580 661 1639 acerrimo
683 1589 713 1638 et
734 1579 893 1638 mobilitate
916 1578 1068 1636 celerrima
1089 1595 1162 1636 esse.
1205 1579 1303 1651 Quare
1323 1577 1339 1623 Λ

249 1698 318 1738 cum
332 1678 492 1739 inaethere
507 1687 582 1736 astra
596 1678 757 1755 gignantur,
773 1679 1004 1736 consentaneum
1018 1685 1063 1734 est
1081 1675 1111 1734 in
1131 1674 1166 1734 iis
1186 1693 1304 1734 sensum

234 1775 344 1840 inesse
372 1786 401 1835 et
424 1774 660 1852 intellegentiam,
681 1794 719 1834 ex
741 1793 801 1851 quo
823 1774 946 1860 efficitur
972 1774 1003 1832 in
1031 1772 1155 1833 deorum
1182 1790 1305 1832 numero

214 1893 237 1931 ιε
250 1883 325 1932 astra
338 1891 402 1931 esse
417 1872 563 1932 ducenda.
606 1873 724 1931 Etenim
745 1872 814 1930 licet
826 1871 925 1931 videre
946 1871 1077 1929 acutiora
1090 1870 1207 1947 ingenia
1220 1881 1250 1929 et
1263 1869 1303 1929 ad
1317 1867 1355 1923 lo

250 1969 478 2045 intellegendum
492 1970 605 2044 aptiora
625 1987 736 2040 eorum,
750 1969 801 2044 qui
821 1978 909 2026 terras
931 1967 1061 2026 incolant
1081 1985 1140 2039 eas,
1155 1968 1305 2042 inquibus

250 2065 299 2123 air
312 2065 349 2122 sit
363 2082 450 2140 purus
465 2083 500 2122 ac
521 2065 626 2134 tenuis,
642 2082 731 2137 quam
752 2063 874 2134 illorum,
890 2063 940 2137 qui
961 2072 1078 2120 utantur
1101 2080 1199 2120 crasso
1221 2063 1304 2120 caelo

249 2169 337 2234 atque
358 2168 507 2218 concreto.
550 2159 739 2233 Quinetiam
762 2159 829 2216 cibo
843 2177 904 2234 quo
927 2168 1018 2231 utare,
1032 2159 1171 2216 interesse
1194 2157 1342 2238 aliquid&

250 2255 288 2314 ad
302 2256 407 2314 mentis
421 2256 516 2313 aciem
530 2264 642 2331 putant.
685 2254 837 2313 Probabile
852 2264 896 2312 est
911 2255 995 2331 igitur
1010 2265 1206 2331 praestantem
1221 2255 1304 2314 intel-

213 2352 405 2429 mlegentiam
427 2353 457 2410 in
481 2351 622 2410 sideribus
646 2370 720 2423 esse,
742 2368 817 2426 quae
842 2360 872 2409 et
890 2352 1048 2410 aetheriam
1066 2361 1179 2429 partem
1201 2352 1305 2412 mundi

250 2449 379 2507 incolant
402 2456 432 2506 et
453 2449 570 2507 marinis
598 2448 776 2523 terrenisque
800 2449 949 2508 umoribus
972 2449 1060 2524 longo
1082 2449 1232 2509 intervallo
1255 2469 1304 2509 ex·

249 2545 373 2603 tenuatis
387 2544 507 2603 alantur.
548 2545 671 2604 Sensum
686 2554 783 2603 autem
804 2554 946 2605 astrorum
967 2555 1055 2621 atque
1076 2546 1303 2622 intellegentiam

249 2658 384 2699 maxume
399 2639 526 2698 declarat
540 2640 614 2699 ordo
628 2659 730 2699 eorum
744 2650 832 2716 atque
856 2642 1021 2720 constantia
1040 2641 1125 2719 (nihil
1148 2653 1192 2702 est
1214 2644 1303 2716 enim,

249 2735 335 2812 quod
351 2736 462 2795 ratione
485 2746 515 2795 et
536 2755 658 2795 numero
680 2738 792 2797 moveri
814 2739 906 2814 possit
929 2739 992 2797 sine
1016 2738 1169 2815 consilio),
1191 2740 1221 2799 in
1243 2739 1304 2818 quo

212 2853 237 2892 as
249 2833 319 2890 nihil
333 2842 377 2891 est
390 2833 583 2905 temerarium,
597 2832 669 2891 nihil
681 2834 800 2906 varium,
815 2835 886 2894 nihil
907 2836 1065 2895 fortuitum.
1107 2837 1191 2897 Ordo
1205 2848 1303 2897 autem

249 2927 376 2986 siderum
391 2938 421 2986 et
434 2928 464 2986 in
478 2929 560 2987 omni
574 2930 743 2989 aeternitate
759 2932 924 2990 constantia
936 2950 1033 3007 neque
1048 2942 1181 2992 naturam
1195 2934 1303 3010 signifi·

249 3033 296 3082 cat
329 3027 389 3102 (est
416 3025 494 3083 enim
522 3025 610 3100 plena
636 3027 769 3104 rationis)
803 3045 900 3103 neque
929 3029 1084 3101 fortunam,
1104 3047 1181 3105 quae
1208 3031 1305 3089 amica

248 3121 376 3180 varietati
391 3123 585 3181 constantiam
599 3124 719 3201 respuit.
761 3125 897 3200 Sequitur
908 3142 986 3201 ergo,
999 3134 1031 3183 ut
1045 3125 1109 3202 ipsa
1121 3144 1175 3185 sua
1188 3136 1303 3202 sponte,

249 3238 302 3279 suo
317 3237 402 3279 sensu
423 3238 458 3278 ac
479 3219 628 3280 divinitate
650 3232 829 3282 moveantur.
873 3223 939 3282 Nec
959 3240 1029 3280 vero
1051 3223 1220 3282 Aristoteles
1242 3242 1302 3282 non
1314 3233 1341 3276 44

213 3315 411 3375 alaudandus
434 3327 476 3375 est
500 3319 530 3376 in
554 3338 599 3391 eo,
617 3319 700 3395 quod
724 3319 832 3391 omnia,
846 3338 922 3396 quae
947 3330 1109 3392 moventur,
1131 3329 1181 3378 aut
1203 3331 1305 3379 natura

250 3413 358 3470 moveri
380 3415 494 3472 censuit
518 3425 568 3473 aut
590 3415 617 3473 vi
641 3425 691 3473 aut
712 3416 860 3474 voluntate
871 3437 880 3487 3
902 3416 1013 3474 moveri
1037 3425 1136 3474 autem
1157 3416 1249 3475 solem
1274 3427 1304 3475 et

249 3508 346 3566 lunam
368 3519 398 3566 et
420 3508 516 3567 sidera
538 3511 655 3582 omnia;
677 3528 753 3584 quae
776 3520 874 3568 autem
896 3520 998 3568 natura
1020 3521 1214 3582 moverentur,
1229 3512 1303 3569 haec

250 3587 298 3661 aut
320 3603 453 3678 pondere
476 3604 613 3662 deorsum
636 3615 686 3662 aut
708 3605 823 3663 levitate
850 3603 913 3683 [in]
941 3606 1063 3665 sublime
1087 3607 1161 3678 ierri,
1178 3625 1303 3682 quorum

205 3705 207 3709 ’
249 3710 383 3758 neutrum
408 3701 490 3758 astris
518 3701 709 3775 contingeret,
732 3709 887 3776 propterea
911 3701 992 3776 quod
1020 3720 1122 3760 eorum
1149 3713 1246 3761 motus
1274 3702 1303 3761 in

213 3817 237 3856 as
252 3796 353 3855 orbem
379 3796 547 3870 circumque
572 3796 700 3854 serretur.
742 3797 808 3854 Nec
828 3814 898 3855 vero
922 3795 982 3855 dici
1009 3806 1107 3873 potest
1125 3797 1155 3857 vi
1175 3797 1304 3874 quadam
