2932 4364
176 365 238 446 146
502 381 550 430 ou
571 381 715 431 narum
736 380 896 431 unorum.

171 544 389 606 convertuntur,
404 533 485 609 quod
500 535 541 606 fit,
556 552 624 593 cum
639 543 714 592 terra
728 534 758 592 in
772 551 878 609 aquam
897 551 930 592 se
943 534 1037 606 vertit,
1052 543 1082 593 et
1101 553 1169 593 cum
1188 553 1226 593 ex

172 649 249 706 aqua
269 631 358 688 oritur
378 630 436 702 aer,
452 648 490 688 ex
510 629 576 688 aire
598 631 707 701 aether,
725 648 852 705 cumque
874 630 979 689 eadent
1000 631 1126 689 vicissim
1148 640 1225 689 retro

172 738 351 785 commeant.
394 726 509 801 Quodsi
528 744 565 784 ea
585 727 770 798 intereunte
791 727 896 802 quibus
917 737 1033 786 constat
1053 745 1142 786 omne
1163 728 1223 786 ani-

173 825 240 896 mal,
254 824 366 883 nullum
388 833 432 882 est
453 823 560 881 animal
581 824 800 898 sempiternum.
843 825 882 881 Et
900 833 931 882 ut
954 823 1027 881 haec
1046 825 1224 895 omittamus,

171 930 272 979 tamen
292 920 400 978 animal
422 920 533 978 nullum
555 920 676 978 inveniri
697 928 803 994 potest,
818 919 900 995 quod
920 937 1017 996 neque
1039 931 1139 979 natum
1160 939 1223 978 um·
1244 940 1256 980 s

172 1017 318 1093 quamsit
342 1027 372 1076 et
393 1035 509 1093 semper
529 1017 565 1074 sit
586 1017 721 1074 futurum.
764 1016 862 1075 Omne
887 1018 966 1075 enim
990 1017 1098 1075 animal
1122 1034 1224 1075 sensus

172 1113 260 1173 habet
270 1135 280 1188 ;
301 1115 389 1173 sentit
403 1115 488 1190 igitur
502 1124 532 1172 et
546 1113 641 1172 calida
658 1123 688 1172 et
706 1113 810 1189 frigida
830 1123 859 1172 et
881 1113 978 1173 dulcia
998 1124 1028 1173 et
1048 1133 1148 1172 amara
1167 1132 1224 1172 nec

171 1220 270 1288 potest
290 1211 349 1270 ullo
370 1230 457 1271 sensu
478 1211 607 1270 iucunda
625 1212 770 1287 accipere,
785 1229 846 1270 non
866 1211 1000 1288 accipere
1015 1212 1159 1270 contraria
1169 1232 1177 1285 ;
1200 1212 1224 1270 si

172 1309 257 1386 igitur
270 1309 425 1385 voluptatis
443 1328 560 1368 sensum
580 1310 668 1385 capit,
683 1308 793 1367 doloris
807 1309 895 1367 etiam
910 1309 1008 1384 capit3
1030 1309 1110 1385 quod
1125 1319 1224 1368 autem

172 1406 304 1465 dolorem
324 1407 440 1482 accipit,
456 1406 486 1465 id
506 1407 630 1482 accipiat
648 1407 736 1464 etiam
751 1406 897 1465 interitum
912 1424 1034 1464 necesse
1050 1416 1113 1480 est,
1135 1425 1223 1465 omne
1238 1432 1263 1459 ιο

132 1503 256 1579 usigitur
276 1504 383 1561 animal
405 1503 606 1562 confitendum
622 1513 666 1562 est
683 1521 747 1561 esse
763 1503 894 1562 mortale.
938 1504 1099 1575 Praeterea,
1114 1504 1138 1562 si
1152 1503 1223 1578 quid

171 1611 224 1673 est,
239 1600 322 1676 quod
343 1619 399 1658 nec
419 1600 600 1675 voluptatem
621 1601 727 1658 sentiat
747 1619 804 1658 nec
825 1599 968 1672 dolorem,
984 1601 1014 1659 id
1034 1601 1140 1658 animal
1159 1619 1222 1658 esse

170 1713 231 1755 non
245 1705 361 1772 potest;
382 1697 427 1754 sin
441 1707 538 1754 autem
554 1694 626 1770 quid
640 1697 747 1753 animal
760 1705 813 1766 est,
830 1696 860 1754 id
882 1697 929 1753 illa
949 1714 1071 1754 necesse
1092 1709 1136 1754 est
1157 1715 1222 1755 sen·

170 1793 242 1865 tiat;
270 1802 308 1864 et,
330 1792 413 1866 quod
433 1810 469 1850 ea
489 1793 586 1864 sentit,
608 1810 669 1850 non
691 1802 788 1867 potest
811 1811 874 1851 esse
900 1803 1061 1864 aeternum,
1083 1804 1113 1851 et
1133 1811 1222 1851 omne

171 1889 278 1948 animal
298 1888 405 1961 sentit;
432 1888 544 1947 nullum
570 1889 654 1964 igitur
673 1889 781 1947 animal
802 1898 952 1947 aetemum
975 1900 1028 1949 est.
1070 1892 1223 1949 Praeterea
1236 1918 1259 1957 ις

171 1988 282 2047 nullum
303 1997 400 2064 potest
421 2005 485 2046 esse
507 1987 622 2059 animal,
638 1987 741 2063 inquo
761 2006 822 2046 non
838 1997 868 2045 et
881 1985 1023 2065 adpetitio
1037 1989 1074 2048 sit
1088 1998 1118 2047 et
1131 1988 1221 2048 decli-

171 2085 251 2143 natio
274 2084 410 2142 naturalis
421 2103 430 2157 ;
458 2093 635 2160 appetuntur
658 2095 766 2155 autem,
794 2102 870 2160 quae
898 2085 1062 2144 secundum
1089 2096 1221 2145 naturam

172 2190 248 2252 sunt,
269 2180 453 2238 declinantur
473 2181 615 2238 contraria
625 2200 635 2253 ς
656 2189 687 2238 et
705 2198 793 2238 omne
815 2180 921 2238 animal
943 2180 1055 2256 adpetit
1075 2182 1221 2257 quaedam

172 2285 202 2334 et
222 2277 294 2350 sugit
312 2293 330 2332 a
348 2275 543 2349 quibusdam3
565 2274 647 2349 quod
662 2285 759 2333 autem
780 2276 893 2351 refugit,
915 2275 946 2333 id
968 2286 1069 2334 contra
1089 2287 1221 2335 naturam

171 2379 234 2438 est3
260 2380 299 2441 et,
320 2369 402 2445 quod
423 2380 467 2428 est
488 2379 589 2428 contra
608 2381 750 2443 naturam,
772 2370 804 2428 id
828 2371 916 2429 habet
936 2372 995 2429 vim
1017 2373 1201 2430 interimendi
1212 2394 1220 2446 ;
1234 2403 1260 2432 ω

132 2483 159 2526 ar
171 2484 260 2524 omne
275 2484 345 2541 ergo
359 2466 466 2523 animal
481 2466 602 2524 intereat
616 2483 737 2524 necesse
753 2477 805 2525 est.
850 2468 1075 2525 Innumerabilia
1093 2479 1170 2540 sunt,
1184 2487 1222 2526 ex

171 2562 276 2638 quibus
300 2561 376 2620 effici
401 2561 526 2637 cogique
551 2563 643 2638 possit
666 2562 738 2620 nihil
762 2581 834 2635 esse,
856 2561 938 2638 quod
962 2582 1080 2622 sensum
1105 2564 1220 2636 habeat,

170 2660 242 2735 quin
263 2657 294 2717 id
308 2660 449 2731 intereat;
471 2660 580 2717 etenim
594 2678 631 2717 ea
651 2660 723 2736 ipsa,
739 2678 814 2735 quae
835 2662 1006 2733 sentiuntur,
1023 2671 1054 2719 ut
1075 2662 1171 2738 frigus,
1189 2672 1222 2720 ut

170 2758 257 2829 calor,
278 2765 311 2817 ut
330 2757 473 2834 voluptas,
495 2767 527 2816 ut
551 2757 643 2829 dolor,
665 2768 697 2817 ut
722 2768 828 2831 cetera,
850 2778 919 2817 cum
943 2759 1120 2836 amplificata
1144 2771 1220 2833 sunt,

169 2854 357 2928 interimuut;
385 2872 442 2912 nec
466 2855 557 2912 ullum
582 2856 688 2913 animal
712 2865 756 2914 est
780 2857 842 2914 sine
868 2875 955 2916 sensu
966 2877 975 2930 3
1004 2857 1114 2915 nullum
1136 2859 1258 2934 igitur25

127 2951 277 3015 lianimai
290 2961 441 3010 aeternum
455 2960 508 3010 est.
550 2952 668 3010 Etenim
680 2963 730 3011 aut
744 2953 867 3028 simplex
882 2963 926 3012 est
940 2965 1043 3012 natura
1056 2955 1220 3028 animantis,

169 3060 202 3109 ut
215 3049 262 3109 vel
275 3058 388 3107 terrena
407 3049 443 3106 sit
457 3047 503 3107 vel
523 3048 609 3124 ignea
623 3050 668 3108 vel
687 3050 818 3108 animalis
832 3051 878 3108 vel
897 3051 998 3109 umida
1016 3051 1113 3129 (quod
1134 3053 1219 3128 quale

169 3147 215 3220 sit,
229 3165 267 3205 ne
282 3145 408 3221 intellegi
423 3145 544 3222 quidem
564 3146 689 3222 potest),
704 3157 754 3206 aut
773 3157 913 3207 concreta
931 3166 968 3206 ex
986 3148 1116 3224 pluribus
1136 3161 1219 3209 natu·

168 3245 216 3318 ris,
231 3262 353 3321 quarum
367 3262 452 3303 suum
467 3261 601 3320 quaeque
616 3245 714 3303 locum
728 3245 844 3317 habeat,
856 3263 915 3322 quo
930 3255 1048 3304 naturae
1063 3247 1091 3306 vi
1105 3248 1218 3320 seratur,

168 3342 225 3400 alia
238 3340 380 3413 infimum,
395 3341 451 3399 alia
469 3360 624 3413 summum,
640 3343 696 3400 alia
715 3342 856 3402 medium.
900 3344 986 3401 Haec
1008 3342 1045 3401 ad
1067 3343 1219 3419 quoddam
1232 3374 1258 3412 ³0

167 3444 285 3512 tempus
299 3437 457 3495 cohaerere
472 3447 603 3512 possunt,
619 3456 736 3513 semper
750 3449 848 3496 autem
864 3440 943 3496 nullo
965 3438 1056 3496 modo
1077 3450 1219 3514 possunt3

167 3551 290 3591 necesse
305 3542 350 3591 est
364 3533 442 3618 enim
458 3533 488 3591 in
502 3552 586 3592 suum
601 3552 734 3609 quaeque
750 3534 847 3592 locum
862 3544 963 3594 natura
976 3535 1112 3612 rapiatur.
1147 3535 1218 3595 Nul-

166 3630 226 3687 lum
242 3631 328 3704 igitur
341 3631 448 3687 animal
463 3639 507 3688 est
521 3630 739 3704 sempiternum.

128 3745 154 3788 as
207 3724 266 3784 Sed
288 3727 388 3791 omnia
401 3725 497 3797 vestri,
513 3726 611 3796 Balbe,
627 3727 720 3784 solent
741 3725 780 3784 ad
801 3727 915 3802 igneam
930 3727 988 3785 vim
1002 3728 1108 3785 referre
1123 3730 1218 3786 Hera·

166 3821 275 3891 clitum,
290 3831 324 3879 ut
338 3821 452 3896 opinor,
466 3830 632 3895 sequentes,
646 3839 735 3896 quem
755 3821 850 3896 ipsum
871 3840 932 3881 non
953 3840 1058 3881 omnes
1079 3823 1217 3900 interpre-
1231 3850 1256 3890 ,ς

130 799 166 907 inii
