2932 4364
155 398 224 444 rro
488 395 536 444 na
557 393 702 444 uarum
725 364 883 444 osonum.

158 550 309 610 beluarum
333 548 445 609 efferari
468 565 526 607 nec
552 546 685 624 stirpium
712 547 867 624 asperitate
889 546 1003 621 vastari,
1027 564 1210 626 quommque

80 645 83 650 ’
158 647 296 723 operibus
310 647 380 723 agri,
395 645 505 706 insulae
519 645 660 720 litoraque
676 645 820 704 ‘collucent
834 643 972 703 distincta
987 646 1073 704 tectis
1090 657 1120 705 et
1133 647 1209 706 urbi-

158 744 222 803 bus.
264 744 349 817 Quae
374 743 407 813 si,
432 753 464 801 ut
488 742 600 812 animis,
625 743 667 800 sic
695 741 786 799 oculis
810 739 909 799 videre
934 759 1096 817 possemus,
1120 761 1210 802 nemo

115 847 296 897 1⁰0cunctam
318 839 433 895 intuens
455 847 560 895 terram
581 835 619 894 de
641 835 739 894 divina
758 836 870 894 ratione
893 835 1048 895 dubitaret.
1088 839 1127 896 At
1140 856 1210 896 vero

158 943 268 1009 quanta
281 934 368 991 maris
382 930 427 990 e‘st
440 929 625 1008 pulchritudo
638 934 645 989 i
667 949 742 1006 quae
756 932 869 1006 species
882 932 1027 991 universi!
1047 950 1123 1009 quae
1137 933 1209 992 mul-
1230 953 1242 992 s

158 1029 255 1089 titudo
268 1039 317 1129 ‘et
343 1029 465 1087 varietas
493 1027 669 1087 insularum!
700 1044 775 1102 quae
806 1027 999 1087 amoenitates
1029 1047 1144 1087 orarum
1175 1049 1210 1088 ac

157 1128 293 1187 litorum!
322 1135 395 1202 quot
414 1143 523 1203 genera
543 1142 688 1201 quamque
712 1123 839 1200 disparia
861 1125 967 1201 partim
987 1125 1210 1202 submersarum,

158 1225 262 1303 partim
276 1224 451 1284 fluitantium
465 1233 495 1282 et
508 1222 671 1282 innantium
682 1221 841 1295 beluarum,
853 1223 958 1300 partim
971 1222 1010 1282 ad
1024 1241 1094 1282 saxa
1106 1225 1211 1284 nativis

157 1322 238 1382 testis
259 1321 491 1380 inhaerentium!
533 1321 635 1396 Ipsum
655 1327 753 1377 autem
773 1337 853 1377 mare
874 1321 917 1378 sic
941 1329 1048 1380 terram
1067 1329 1211 1398 appetens
1260 1329 1262 1333 ‘

156 1418 286 1478 litoribus
311 1417 420 1490 alludit,
445 1428 478 1476 ut
501 1435 561 1477 una
584 1434 621 1474 ex
645 1415 758 1475 duabus
781 1416 890 1477 naturis
918 1417 1045 1475 conflata
1067 1417 1209 1478 videatur.
1225 1439 1249 1467 ιο

115 1531 150 1572 1⁰1
159 1514 236 1573 Exin
256 1515 328 1573 mari
348 1514 496 1572 finitumus
517 1514 567 1573 aer
587 1511 636 1570 die
661 1521 691 1570 et
711 1522 800 1571 nocte
825 1511 1019 1588 distinguitur,
1040 1512 1123 1589 isque
1147 1523 1210 1572 tum

158 1611 237 1669 susus
264 1619 295 1668 et
321 1618 492 1669 extenuatus
507 1608 642 1676 „sublime
670 1607 766 1680 fertur,
791 1616 854 1666 tum
878 1618 977 1667 autem
1000 1618 1157 1669 concretus
1180 1612 1211 1669 in

157 1705 252 1765 nubes
272 1705 385 1781 cogitur
404 1722 594 1782 umoremque
612 1704 751 1779 colligens
766 1713 871 1762 terram
884 1714 971 1779 auget
985 1705 1134 1778 imbribus,
1148 1715 1211 1765 tum

159 1801 281 1860 effluens
302 1800 360 1859 huc
380 1810 410 1860 et
430 1800 497 1858 illuc
516 1809 620 1859 ventos
641 1798 739 1858 efficit.
782 1797 868 1858 Idem
888 1817 1000 1858 annuas
1020 1800 1159 1877 frigorum
1181 1812 1212 1861 et

159 1897 289 1956 calomm
308 1896 378 1955 facit
397 1897 559 1969 varietates,
581 1895 719 1971 idemque
742 1904 772 1954 et
785 1895 896 1954 volatus
918 1897 1018 1955 alitum
1039 1898 1160 1957 sustinet
1181 1907 1211 1958 et
1224 1923 1248 1961 ιε

116 1993 262 2071 4⁰spiritu
283 1990 388 2052 ductus
408 1993 458 2051 alit
478 2003 508 2051 et
528 2000 670 2056 sustentat
690 1992 861 2051 animantes.
903 1993 1007 2052 Restat
1020 1994 1136 2055 ultimus
1150 2003 1212 2054 eta

161 2089 316 2150 domiciliis
340 2090 444 2149 nostris
467 2089 621 2150 altissimus
644 2089 745 2149 omnia
769 2090 890 2166 cingens
918 2100 949 2150 et
973 2093 1114 2151 coercens
1138 2092 1212 2151 caeli

160 2189 341 2265 complexus,
363 2188 413 2263 qui
433 2185 513 2247 idem
533 2187 634 2247 aether
653 2194 782 2259 vocatur,
803 2196 932 2247 extrema
953 2206 1005 2247 ora
1025 2197 1054 2247 et
1075 2188 1211 2249 determi-

161 2285 242 2345 natio
256 2283 368 2357 mundi‚
383 2285 413 2343 in
427 2303 486 2360 quo
501 2302 569 2342 cum
587 2282 810 2342 admirabilitate
831 2284 958 2343 maxima
978 2285 1081 2360 igneae
1102 2286 1211 2345 formae

117 2397 261 2441 loscursus
285 2380 434 2440 ordinatos
459 2381 611 2440 definiunt.
654 2381 681 2438 E
706 2381 809 2457 quibus
831 2381 884 2452 sol,
908 2383 990 2440 cuius
1011 2382 1251 2457 magnitudinem

161 2479 258 2538 multis
272 2478 402 2554 partibus
417 2488 491 2537 terra
505 2487 663 2553 superatur,
676 2477 785 2536 circum
800 2496 866 2536 eam
880 2478 973 2553 ipsam
988 2479 1118 2551 volvitur,
1130 2479 1211 2554 isque

161 2575 257 2635 oriens
273 2582 304 2633 et
317 2573 458 2634 occidens
472 2573 552 2633 diem
566 2584 744 2649 noctemque
760 2575 880 2633 coniicit
897 2585 926 2632 et
943 2575 1035 2634 modo
1056 2576 1212 2648 accedens,

161 2681 224 2732 tum
238 2681 336 2732 autem
349 2671 492 2730 recedens
505 2671 589 2730 binas
610 2671 640 2729 in
660 2671 778 2747 singulis
800 2672 883 2730 annis
904 2673 1085 2731 reversiones
1105 2674 1143 2732 ab
1164 2692 1212 2731 ex-

162 2778 256 2828 tremo
277 2769 434 2827 contrarias
454 2769 532 2840 tacit,
554 2785 676 2843 quarum
697 2769 727 2827 in
748 2768 898 2827 intervallo
919 2779 982 2828 tum
1003 2770 1085 2846 quasi
1102 2770 1214 2828 tristitia

163 2864 291 2940 quadam
311 2864 457 2924 contrahit
476 2874 592 2937 terram,
606 2873 669 2923 tum
682 2864 809 2923 vicissim
830 2865 975 2936 laetificat,
990 2876 1021 2924 ut
1042 2884 1111 2924 cum
1131 2866 1214 2924 caelo
1227 2890 1251 2929 ωε

119 2977 157 3020 rm
164 2961 283 3020 hilarata
294 2961 435 3020 videatur.
477 2962 561 3020 Luna
581 2970 689 3032 autem,
704 2979 779 3036 quae
801 2971 853 3033 est,
871 2971 903 3019 ut
922 2961 1082 3020 ostendunt
1102 2963 1213 3020 matbe-

163 3058 271 3130 matici,
286 3058 378 3117 maior
398 3076 486 3134 quam
506 3057 628 3117 dimidia
648 3075 714 3134 pars
735 3067 836 3128 terrae,
852 3058 946 3117 isdem
967 3059 1067 3134 spatiis
1087 3069 1214 3135 vagatur,
1274 3059 1276 3062 ⁴

164 3155 269 3230 quibus
289 3155 342 3227 sol,
363 3153 416 3214 sed
437 3164 500 3215 tum
520 3154 714 3231 congrediens
736 3173 804 3214 cum
818 3156 895 3227 sole,
915 3165 976 3214 tum
998 3155 1165 3232 digrediens
1186 3165 1216 3215 et

165 3248 231 3311 eam
244 3253 350 3325 lucem,
364 3271 452 3327 quam
473 3272 491 3312 a
511 3253 571 3312 sole
590 3253 714 3330 accepit,
730 3254 818 3312 mittit
838 3254 868 3313 in
886 3263 976 3312 terras
997 3264 1026 3312 et
1041 3253 1133 3314 varias
1153 3254 1217 3330 ipsa

164 3349 237 3407 lucis
251 3349 425 3408 mutationes
439 3349 537 3424 habet,
553 3359 640 3425 atque
655 3351 743 3409 etiam
757 3360 819 3409 tum
833 3351 964 3411 subiecta
978 3361 1066 3426 atque
1080 3352 1216 3428 opposita
1229 3373 1254 3411 so

165 3446 218 3504 soli
232 3445 330 3505 radios
344 3446 405 3504 eius
420 3455 450 3504 et
463 3447 561 3505 lumen
576 3447 720 3519 obscurat,
735 3457 797 3505 tum
812 3448 875 3522 ipsa
889 3446 1022 3506 incidens
1040 3449 1069 3506 in
1083 3448 1216 3507 umbram

165 3551 267 3613 terrae,
283 3561 350 3599 cum
368 3552 412 3600 est
431 3560 447 3600 e
469 3544 587 3618 regione
609 3543 685 3615 solis,
700 3544 871 3618 interpositu
890 3545 1101 3619 interiectuque
1123 3554 1215 3603 terrae

165 3648 287 3714 repente
302 3639 411 3698 delicit.
455 3639 614 3715 Isdemque
631 3641 729 3715 spatiis
751 3658 803 3699 eae
826 3641 935 3713 stellae,
950 3659 1022 3717 quas
1037 3652 1124 3716 vagas
1143 3639 1215 3699 dici-

165 3753 239 3806 mus,
254 3735 364 3793 circum
379 3746 484 3793 terram
498 3736 627 3795 feruntur
640 3735 806 3810 eodemque
823 3736 915 3795 modo
936 3737 1066 3794 oriuntur
1087 3747 1116 3795 et
1137 3739 1215 3796 occi-

165 3828 248 3902 dunt,
273 3847 395 3906 quarum
423 3841 518 3890 motus
547 3841 609 3889 tum
635 3829 798 3903 incitantur,
823 3839 886 3890 tum
913 3831 1102 3903 retardantur,
1128 3849 1216 3907 saepe
1230 3853 1254 3893 ³⁵
