2932 4364
182 357 241 435 158
505 366 555 416 oa
576 365 722 417 unauna
744 358 927 416 proauus

177 523 340 583 Videtume
363 539 480 583 summa
501 521 678 598 inprobitate
700 539 770 580 usus
792 539 853 580 non
875 521 938 581 sine
960 539 1076 582 summa
1097 539 1163 582 esse
1186 540 1230 580 ra-

178 622 280 681 tione?
321 622 388 680 Nec
407 638 477 679 vero
498 637 605 678 scaena
626 618 720 677 solum
741 619 845 677 referta
866 630 909 677 est
931 620 975 678 his
995 619 1162 692 sceleribus,
1176 618 1230 678 sed

178 719 270 777 multo
294 719 353 776 vita
377 717 544 775 communis
567 733 663 791 paene
688 716 853 775 maioribus.
894 717 987 775 Sentit
1011 717 1118 775 domus
1145 717 1231 775 unius

178 816 330 890 cuiusque,
351 814 439 873 sentit
459 815 564 884 iorum,
586 812 673 871 sentit
694 813 782 883 curia,
804 830 935 887 campuS,
953 813 1034 884 socii,
1054 813 1230 889 provinciae,

179 921 220 984 ut,
243 909 394 987 quemad
417 909 540 968 modum
562 910 674 971 ratione
696 919 776 966 recte
799 909 857 978 fiat,
881 909 923 966 sic
948 909 1058 966 ratione
1081 920 1230 984 peccetur,
1249 932 1262 972 ς

179 1008 360 1083 alterumque
381 1016 411 1065 et
431 1025 449 1063 a
469 1005 570 1081 paucis
591 1015 621 1062 et
641 1023 715 1076 raro,
730 1005 852 1062 alterum
867 1016 897 1062 et
913 1023 1002 1080 saepe
1017 1014 1047 1063 et
1060 1023 1078 1062 a
1091 1005 1229 1081 plurimis,

179 1114 211 1163 ut
225 1104 313 1162 satius
327 1103 411 1162 luerit
427 1103 536 1160 nullam
556 1101 678 1159 omnino
699 1101 784 1159 nobis
805 1119 824 1158 a
844 1100 889 1159 dis
910 1101 1110 1160 inmortalibus
1132 1101 1230 1161 datam

179 1218 244 1259 esse
271 1200 414 1259 rationem
438 1217 527 1274 quarn
551 1207 633 1255 tanta
659 1216 729 1255 curn
747 1197 885 1273 pernicie
914 1196 1023 1256 datam.
1064 1198 1106 1258 Ut
1130 1198 1231 1257 vinum

179 1297 313 1373 aegrotis,
335 1297 404 1372 quia
425 1294 545 1371 prodest
566 1313 640 1367 raro,
663 1304 753 1353 nocet
774 1294 952 1370 saepissime,
976 1294 1079 1354 melius
1102 1305 1146 1353 est
1170 1312 1231 1353 non

179 1394 318 1453 adhibere
338 1393 459 1451 omnino
474 1410 563 1467 quam
577 1409 630 1467 spe
646 1391 753 1450 dubiae
767 1391 865 1450 salutis
879 1391 910 1450 in
924 1401 1055 1468 apertam
1070 1392 1230 1468 perniciem
1244 1419 1269 1448 ιο

179 1492 333 1561 incurrere,
349 1490 391 1547 sic
406 1487 485 1547 haud
499 1489 562 1547 scio
576 1506 615 1546 an
629 1489 732 1546 melius
746 1486 831 1546 luerit
850 1487 979 1547 humano
998 1489 1098 1565 generi
1117 1499 1229 1548 motum

179 1588 266 1646 istum
288 1586 415 1644 celerem
436 1585 630 1660 cogitationis,
645 1601 781 1655 acumen,
797 1584 962 1656 sollertiam,
978 1604 1066 1661 quarn
1087 1586 1230 1644 rationem

178 1701 328 1753 vocamus,
350 1682 489 1756 quoniam
510 1680 647 1756 pestilera
667 1689 712 1738 est
731 1680 838 1752 multis,
852 1679 1015 1740 admodum
1035 1682 1136 1756 paucis
1157 1683 1230 1740 salu·

179 1780 256 1850 taris,
270 1796 331 1837 non
348 1776 411 1835 dari
431 1777 553 1836 omnino
574 1794 663 1852 quarn
684 1785 745 1834 tam
766 1776 904 1835 munifice
927 1787 957 1836 et
978 1787 1038 1836 tarn
1059 1777 1136 1854 large
1159 1778 1230 1838 dari.

141 1889 167 1933 to
181 1875 279 1952 Quam
303 1874 343 1933 ob
366 1892 429 1933 rem
453 1874 476 1933 si
501 1891 585 1931 niens
609 1874 801 1949 voluntasque
828 1873 928 1933 divina
951 1873 1062 1934 idcirco
1086 1877 1231 1935 consuluit
1245 1899 1269 1938 rr

179 1973 357 2045 hominibus,
372 1969 455 2047 quod
468 1971 502 2030 iis
517 1979 561 2030 est
574 1971 676 2046 largita
688 1971 840 2045 rationem,
856 1971 889 2030 iis
904 1971 972 2030 solis
986 1973 1141 2047 consuluit,
1156 1992 1230 2051 quos

179 2071 259 2130 bona
279 2070 392 2129 ratione
416 2068 547 2141 donavit,
569 2087 645 2145 quos
667 2067 810 2141 videmus,
833 2069 858 2128 si
880 2069 971 2128 modo
993 2070 1042 2128 ulli
1066 2082 1143 2144 sunt,
1166 2090 1230 2131 esse

179 2186 353 2245 perpaucos.
395 2167 466 2224 Non
482 2166 579 2242 placet
599 2175 697 2223 autern
718 2167 820 2242 paucis
840 2185 858 2224 a
879 2166 925 2226 dis
946 2167 1145 2227 inmortalibus
1166 2187 1230 2228 esse

179 2265 367 2337 consultum3
388 2263 517 2339 sequitur
531 2279 610 2337 ergo,
625 2271 657 2320 ut
670 2262 782 2320 nemini
796 2264 962 2322 consultum
976 2264 1020 2322 sit.

135 2362 172 2418 28
221 2361 303 2420 Huic
326 2359 394 2418 loco
418 2359 460 2416 sic
484 2358 582 2416 soletis
605 2376 778 2418 occurrere:
806 2377 867 2417 non
890 2359 1000 2419 idcirco
1024 2379 1084 2419 non
1109 2371 1230 2437 optume
1243 2388 1269 2416 ω

178 2458 263 2517 nobis
277 2476 296 2515 a
309 2456 355 2515 dis
368 2473 433 2514 esse
447 2456 604 2531 provisum,
620 2454 701 2532 quod
716 2455 798 2514 multi
813 2473 914 2514 eorum
928 2457 1074 2516 beneficio
1094 2476 1230 2533 perverse

178 2564 346 2628 uterentur3
367 2553 455 2611 etiam
470 2552 651 2628 patrimoniis
666 2553 772 2612 multos
788 2553 863 2611 male
878 2554 929 2625 uti,
944 2573 1000 2612 nec
1015 2555 1054 2613 ob
1074 2573 1139 2614 eam
1160 2573 1229 2614 cau-

178 2670 241 2710 sam
262 2669 314 2709 eos
337 2649 515 2710 beneficium
536 2667 555 2707 a
575 2649 704 2724 patribus
728 2651 839 2709 nullum
864 2650 983 2710 habere.
1028 2642 1245 2729 Quisquamne
1267 2669 1269 2674 ’

178 2750 252 2808 istuc
274 2748 382 2823 negat?
406 2757 456 2806 aut
476 2764 552 2821 quae
573 2755 618 2805 est
639 2746 669 2805 in
690 2747 845 2805 collatione
867 2748 923 2806 ista
943 2749 1123 2809 similitudo?
1164 2753 1229 2810 Nec

178 2846 257 2904 enim
273 2844 395 2903 Herculi
414 2862 521 2902 nocere
538 2843 676 2902 Deianira
689 2843 788 2914 voluit,
804 2862 874 2902 curn
892 2845 920 2902 ei
939 2846 1069 2903 tunicam
1088 2850 1229 2923 sanguine
1243 2878 1267 2917 ις

178 2941 316 3002 Centauri
341 2942 462 3000 tinctam
490 2940 581 3013 dedit,
604 2958 661 2998 nec
683 2939 823 3016 prodesse
847 2941 979 2999 Pheraeo
1002 2942 1100 3001 Iasoni
1125 2943 1158 3014 is,
1181 2947 1230 3019 qui

177 3038 276 3113 gladio
292 3038 439 3095 vomicam
460 3037 522 3095 eius
544 3037 665 3111 aperuit,
681 3053 770 3110 quam
791 3054 893 3094 sanare
915 3037 1024 3095 medici
1044 3057 1105 3097 nou
1126 3050 1229 3115 potue-

178 3144 251 3193 rant.
294 3134 380 3193 Multi
402 3133 481 3191 enim
502 3142 540 3204 et,
562 3151 630 3191 curn
651 3132 756 3191 obesse
777 3133 893 3207 vellent,
916 3135 1086 3210 profuerunt
1107 3145 1146 3208 et,
1161 3154 1230 3195 curn

178 3231 328 3308 prodesse,
344 3231 508 3289 obfuerunt.
552 3231 598 3287 Ita
611 3248 671 3288 non
686 3231 718 3289 fit
732 3248 769 3288 ex
783 3249 829 3303 eo,
845 3231 927 3307 quod
943 3232 1037 3305 datur,
1052 3243 1084 3292 ut
1097 3234 1231 3293 voluntas

179 3330 250 3401 eius,
265 3330 315 3406 qui
337 3327 460 3398 dederit,
475 3338 625 3404 appareat,
640 3346 706 3401 nec,
724 3329 748 3387 si
770 3328 802 3400 is,
821 3329 871 3405 qui
892 3331 1016 3406 accepit,
1033 3331 1110 3390 bene
1132 3333 1228 3408 utitur,
1244 3365 1269 3404 30

140 3442 164 3484 tr
178 3426 290 3484 idcirco
316 3426 348 3497 is,
374 3426 424 3500 qui
448 3424 539 3497 dedit,
564 3426 659 3484 amice
683 3425 775 3485 dedit.
819 3427 904 3500 Quae
929 3428 1008 3486 enirn
1030 3428 1130 3502 libido,
1154 3448 1229 3506 quae
1266 3488 1269 3494 ,

178 3523 304 3594 avaritia,
320 3521 402 3598 quod
416 3522 527 3580 lacinus
543 3532 592 3581 aut
606 3523 760 3599 suscipitur
774 3524 829 3582 nisi
849 3525 971 3583 consilio
991 3525 1085 3601 capto
1099 3537 1148 3586 aut
1167 3528 1229 3586 sine

178 3621 268 3678 animi
292 3628 374 3678 motu
401 3630 430 3677 et
455 3619 641 3694 cogitatione,
665 3619 695 3678 id
723 3630 767 3679 est
795 3622 916 3693 ratione,
941 3623 1110 3697 perficitur?
1151 3626 1229 3683 Nam

178 3718 274 3776 omnis
298 3716 400 3792 opinio
424 3717 497 3773 ratio
523 3726 575 3787 est,
600 3726 630 3774 et
654 3716 774 3791 quidem
800 3718 879 3776 bona
903 3719 984 3790 ratio,
1008 3721 1032 3777 si
1053 3739 1131 3793 vera,
1154 3722 1231 3779 mala

179 3823 286 3884 autem,
301 3813 324 3871 si
339 3811 410 3869 falsa
427 3819 471 3869 est
492 3812 602 3886 opinio.
644 3811 702 3871 Sed
722 3830 741 3870 a
761 3812 820 3871 deo
842 3823 955 3873 tantum
975 3815 1118 3875 rationem
1139 3817 1229 3876 habe·
1243 3849 1267 3888 35
