2932 4364
131 447 133 450 .
229 364 290 451 156
553 356 602 432 ns
622 356 769 434 unrunn'
789 381 949 434 nnonuu.

224 540 306 617 quod
331 539 464 612 sentiam,
488 556 550 597 uon
574 537 670 598 habeo
697 546 795 596 autem
817 536 898 613 quod
922 537 974 596 tibi
996 536 1151 598 adsentiar.
1194 538 1276 615 Nep

225 649 328 698 tunum
344 655 407 696 esse
423 636 497 695 dicis
511 635 642 694 animum
656 653 725 693 cum
740 634 936 709 intellegentia
955 652 1009 710 per
1029 653 1108 693 mare
1129 636 1276 710 pertinen-

225 744 295 805 tem,
317 732 398 791 idem
420 732 458 790 de
481 733 597 790 Cerere.
642 732 731 788 Istam
752 740 851 788 autem
872 731 1100 805 intellegentiam
1120 741 1171 788 aut
1191 733 1277 790 maris

225 838 276 886 aut
296 837 388 884 terrae
409 844 470 883 non
490 825 581 883 modo
600 823 852 899 comprehendere
866 826 975 895 animo,
991 826 1043 882 sed
1059 843 1095 883 ne
1111 827 1277 900 suspicione

226 921 347 998 quidem
371 939 491 996 possum
516 921 666 994 attingere.
709 919 812 992 Itaque
837 918 955 977 aliunde
980 921 1050 977 mihi
1075 921 1276 995 quaerendum
1297 945 1309 984 s

226 1027 279 1088 est,
294 1010 327 1075 ut
347 1028 376 1075 et
395 1034 459 1075 esse
478 1015 561 1087 deos,
576 1025 605 1072 et
619 1014 719 1090 quales
734 1015 791 1072 sint
806 1014 846 1086 di,
860 1014 975 1074 discere
989 1017 1117 1090 possim3
1139 1017 1232 1092 qualis
1245 1025 1277 1074 tu

227 1132 278 1172 eos
293 1131 357 1171 esse
371 1113 414 1171 vis
429 1157 436 1171 .
452 1156 483 1172 ..

188 1231 214 1270 us
265 1209 426 1268 Videamus
442 1226 486 1281 ea,
501 1225 576 1284 quae
592 1215 761 1282 sequuntur,
776 1207 903 1282 primurn
917 1205 1080 1267 deorumne
1095 1207 1279 1284 providentia

226 1306 354 1367 mundus
374 1315 497 1382 regatur,
512 1303 622 1364 deinde
643 1303 837 1362 consulantne
855 1304 886 1363 di
902 1305 989 1364 rebus
1005 1304 1148 1366 humanis.
1191 1306 1278 1365 Haec

226 1406 304 1464 enim
326 1403 397 1462 mihi
418 1418 462 1461 ex·
476 1413 525 1461 tua
545 1401 700 1478 partitione
723 1410 832 1460 restant
854 1400 915 1460 duo
926 1422 934 1474 ;
960 1401 999 1460 de
1021 1403 1136 1478 quibus,
1151 1403 1175 1462 si
1195 1398 1278 1463 vobis
1292 1431 1317 1460 lo

225 1501 348 1574 videtur,
370 1501 533 1560 accuratius
554 1498 758 1558 disserendum
780 1508 862 1574 puto.
906 1499 982 1559 Mihi
1002 1518 1081 1572 vero,
1103 1500 1196 1576 inquit
1210 1501 1278 1559 Vel-

225 1600 307 1670 leius,
320 1597 406 1656 valde
423 1597 538 1656 videtur
548 1617 556 1670 ;
578 1606 692 1655 namet
712 1597 823 1655 maiora
843 1605 970 1672 expecto
991 1605 1022 1655 et
1043 1597 1086 1669 iis,
1102 1615 1178 1673 quae
1199 1597 1280 1657 dicta

225 1704 302 1766 sunt,
315 1695 505 1751 vehementer
525 1693 683 1752 adsentior.
723 1694 801 1750 Tum
823 1693 949 1751 Balbus:
974 1693 1163 1769 Interpellare
1182 1703 1220 1766 te,
1235 1695 1278 1752 in·

226 1792 299 1867 quit,
310 1791 407 1861 Cotta,
421 1790 501 1861 nolo,
515 1788 569 1848 sed
583 1806 732 1849 sumemus
746 1797 862 1865 tempus
876 1787 975 1862 aliud3
995 1790 1122 1848 efficiam
1135 1791 1278 1866 profecto,

226 1898 259 1947 ut
272 1888 389 1946 fateare.
431 1885 560 1945 Sed...
801 1875 803 1877 ’
1293 1912 1317 1951 ις

309 2033 548 2109 Nequaquam
576 2031 672 2090 istuc
697 2033 792 2090 tstac
816 2031 885 2090 ibit
896 2052 904 2104 3
928 2035 1056 2108 magna
1079 2033 1176 2092 inest
1200 2051 1278 2092 cer-

910 2129 1014 2187 tatio.

310 2226 400 2283 Nam
428 2234 466 2283 ut
494 2241 562 2299 ego
591 2222 647 2281 illi
675 2224 926 2300 supplicarem
956 2227 1060 2283 tanta
1089 2225 1280 2285 blandilo-

308 2353 349 2452 Νἰ
370 2332 405 2446 ἡ
427 2379 510 2428 ‘W
908 2321 1086 2397 quentia?

185 2447 374 2557 {ffParumne
394 2465 558 2524 ratiocinari
576 2464 691 2523 videtur
711 2475 740 2524 et
761 2466 815 2524 sibi
837 2466 901 2541 ipsa
921 2466 1061 2525 nefariam
1082 2477 1198 2543 pestem
1219 2486 1279 2528 ma·
1293 2503 1319 2530 w

229 2565 361 2624 chinari?
401 2562 478 2621 Illud
491 2579 561 2621 vero
575 2579 664 2638 quam
679 2561 785 2621 callida
797 2563 908 2621 ratione
923 2566 929 2623 l

310 2711 381 2785 Qui
400 2709 480 2768 volt
500 2726 596 2781 esse,
611 2706 712 2784 qudd
731 2709 822 2799 volt,
837 2709 887 2768 ita
908 2708 970 2768 dat
991 2712 1028 2769 se
1049 2721 1173 2783 res‚ut
1193 2729 1280 2788 ope-

857 2856 859 2860 r
912 2810 986 2866 rim
1006 2806 1120 2868 dabit.
1162 2823 1167 2833 ’

230 2953 289 3029 Qui
304 2961 348 3012 est
360 2969 461 3010 versus
475 2951 607 3010 omnium
621 2951 779 3010 seminator
793 2951 945 3012 malorum.

313 3081 381 3159 ille
415 3108 580 3158 traversa
610 3100 732 3157 mente
764 3097 810 3156 mi
841 3096 951 3157 hodie
986 3100 1144 3160 tradidit
1174 3105 1319 3179 repa-25

937 3196 1009 3268 ula,

312 3293 453 3369 Quibus
484 3310 552 3369 ego
580 3292 668 3351 iram
698 3293 841 3352 omnem
870 3213 1058 3354 refiludam
1085 3305 1195 3371 atque
1227 3296 1282 3356 tlli
1312 3306 1318 3319 ·

914 3391 1118 3464 perniciem
1138 3391 1248 3466 dabo,

312 3487 403 3546 Mihi
431 3503 631 3558 maerores,
659 3485 714 3544 llli
747 3485 896 3558 luctum,
926 3489 1078 3557 exitium
1107 3489 1281 3563 illi,·exi·

913 3583 1001 3641 lium
1023 3585 1120 3646 mihi.
1295 3627 1319 3666 ³0

230 3736 321 3793 Hanc
344 3734 481 3794 videlicet
507 3734 660 3805 rationem,
685 3751 773 3808 quam
796 3753 848 3793 vos
877 3733 977 3793 divino
1000 3735 1146 3795 beneficio
1171 3739 1283 3798 homini

191 3849 217 3893 tt
230 3832 325 3890 solum
349 3830 486 3890 tributam
514 3829 620 3904 dicitis,
645 3829 756 3889 bestiae
783 3846 844 3888 non
872 3828 991 3889 habent.
1031 3831 1163 3890 Videsne
1188 3834 1282 3909 igitur,
