2932 4364
435 365 500 413 nm.
513 365 549 413 11.
582 365 752 413 crixum.
787 365 817 428 ις
833 377 952 428 107-111.
1159 366 1217 428 113
1253 324 1296 429 ζ’

247 516 512 592 Arctophylax,
537 517 647 592 vulgo
674 515 900 592 quidicitur
927 535 1007 576 esse
1035 519 1199 590 Booten.

248 611 355 687 Quod
382 612 486 687 quasi
513 612 651 670 temoni
679 611 889 669 adiunctam
924 630 1009 687 prae
1037 631 1073 670 se
1101 613 1220 689 quatit

969 709 1130 768 Arctum.

168 786 254 857 Dein,
276 804 351 861 quae
372 796 540 862 sequuntur.
584 786 665 845 Huic
686 787 765 844 enim
786 786 872 844 Booti
1226 807 1263 868 no

136 932 148 973 ⁵
467 989 468 992 Ἴ
533 916 660 975 subter
686 915 908 996 praecordia
935 916 1009 974 lixa
1034 916 1181 977 videtur

248 1011 361 1070 Stella
388 1011 526 1070 micans
553 1011 682 1083 radiis,
711 1013 888 1070 Arcturus
921 1012 1070 1070 nomine
1104 1012 1218 1086 claro,

167 1124 249 1182 cuius
264 1106 389 1200 pedibus
409 1124 541 1182 subiecta
561 1125 648 1181 fertur

247 1237 394 1311 Spicum
431 1235 585 1293 inlustre
623 1244 755 1294 tenens
792 1234 1005 1311 splendenti
1043 1254 1199 1311 corpore

968 1331 1092 1406 Virgo.

131 1460 156 1488 ¹0
168 1445 263 1519 Atque
284 1444 325 1502 ita
345 1443 486 1502 dimetata
505 1443 587 1517 signa
607 1451 684 1514 sunt,
706 1452 739 1500 ut
759 1440 789 1500 in
810 1443 895 1502 tantis
917 1429 1152 1517 discriptionibus
1174 1444 1262 1507 di-tn

167 1539 235 1598 vina
254 1540 381 1598 sollertia
400 1547 561 1614 apparenti
928 1546 930 1549 '
1193 1538 1197 1545 ’

250 1671 295 1728 Et
321 1678 427 1728 natos
456 1668 629 1745 Geminos
657 1667 793 1728 invises
821 1669 886 1728 sub
914 1679 1025 1746 caput
1052 1671 1168 1730 Arcti.
1234 1707 1236 1712 -

250 1765 445 1826 Subiectus
473 1765 615 1826 mediae
643 1773 699 1824 est
725 1766 882 1839 Cancer,
910 1766 1143 1843 pedibusque
1165 1777 1219 1826 te·
1306 1760 1308 1764 ’

487 1877 488 1882 ’
923 1861 924 1865 ’
971 1872 1077 1924 netur

133 1989 157 2030 ις
251 1964 404 2039 Magnus
440 1962 513 2020 Leo
551 1961 742 2021 tremulam
776 1961 946 2039 quatiens
984 1980 1001 2020 e
1039 1981 1195 2040 corpore

971 2059 1165 2120 flammam.
1225 2083 1227 2086 ’

170 2141 278 2215 Auriga

251 2253 321 2313 Sub
348 2253 451 2310 laeva
470 2251 705 2312 Geminorum
733 2250 916 2310 obductus
943 2261 1046 2328 parte
1069 2253 1220 2313 seretur.

251 2349 452 2407 Adversum
476 2355 586 2422 caput
613 2346 697 2405 huic
724 2348 880 2406 Helicae
908 2349 1120 2408 truculenta
1142 2359 1220 2408 tue·

133 2468 159 2497 ιο
974 2453 1044 2503 tur.

251 2541 295 2596 At
322 2540 440 2613 Capra
467 2538 608 2596 laevum
636 2555 795 2595 umerum
823 2537 922 2595 clara
948 2538 1107 2599 obtinet.

169 2669 257 2739 Tum,
279 2686 354 2743 quae
374 2677 551 2743 sequuntur:

195 2827 197 2831 >
250 2799 381 2857 Verum
405 2797 496 2856 haec
520 2806 575 2855 est
599 2815 728 2873 magno
750 2806 859 2872 atque
881 2795 1029 2855 inlustri
1053 2797 1223 2874 praedita

971 2894 1091 2970 signo,

133 3016 158 3057 ιι
251 2991 388 3050 Contra
416 2989 536 3049 Haedi
563 2990 733 3066 exiguum
755 2989 900 3049 'iaciunt
926 2990 1143 3050 mortalibus
1169 2991 1220 3067 ig·

971 3105 1067 3147 nem.

170 3168 262 3229 Cuius
283 3170 338 3228 sub
358 3167 484 3245 pedibus

252 3300 430 3375 Corniger
456 3308 511 3359 est
532 3297 661 3359 valido
689 3299 843 3359 conixus
872 3318 1029 3377 corpore
1057 3301 1211 3360 Taurus.

172 3431 243 3489 Eius
262 3440 351 3505 caput
370 3431 458 3488 stellis
477 3447 667 3505 conspersum
687 3438 732 3488 est
752 3428 969 3504 frequentibus:
1229 3446 1266 3488 ιιι

135 3600 160 3639 ³0
254 3561 328 3617 Has
356 3536 489 3618 Graeci
516 3558 643 3617 stellas
672 3556 822 3634 Hyadas
849 3558 1014 3617 vocitare
1042 3562 1207 3631 suiirunt,

175 3687 210 3768 [a
232 3688 362 3765 pluendo
373 3709 382 3762 ς
410 3687 465 3746 ὕειν
489 3689 568 3747 enim
595 3695 639 3748 est
667 3686 782 3766 pluere]
813 3689 904 3747 nostri
932 3689 1063 3765 imperite
1091 3689 1220 3762 Suculas,

172 3786 253 3862 quasi
275 3805 293 3844 a
314 3787 403 3846 subus
424 3795 531 3860 essent,
550 3785 669 3845 non-ab
693 3785 832 3845 imbribus
855 3785 1031 3845 nominatae.
1072 3786 1221 3851 Minorem
