2932 4364
223 391 264 454 32
549 392 764 473 DEWNATURA
786 391 945 443 DEORUM.

222 537 383 595 differences
396 556 499 612 among
512 540 558 595 the
575 540 658 613 gods,
671 539 707 594 he
725 548 799 595 must
817 540 886 594 have
906 540 1046 595 conceded
1067 540 1144 596 these
1163 541 1229 614 only
1240 559 1271 598 as

222 632 272 678 not
285 624 452 701 impossible
472 626 528 679 and
547 614 762 688 inconceivable‚
782 625 832 680 but
850 625 981 696 certainly
995 626 1029 680 he
1048 626 1097 680 did
1116 635 1166 681 not
1184 636 1272 683 assert

222 708 298 763 them
311 719 340 764 to
353 710 388 764 be
401 711 514 765 certain.
553 711 614 765 The
633 710 773 780 objection
785 711 873 765 which
893 712 975 766 Cotta
994 711 1088 766 makes
1108 720 1137 767 to
1149 713 1271 768 Velleius

224 794 371 865 (82-roo)‚
386 794 446 849 that
467 795 522 848 this
537 813 569 849 or
581 795 641 849 that
659 795 734 865 deity
745 796 846 864 always
867 795 1012 865 presented
1034 796 1147 851 himself
1164 806 1193 851 to
1214 798 1271 851 him

220 878 309 932 under
320 896 337 932 a
349 878 460 933 definite
479 880 548 933 form
561 879 616 932 and
629 879 694 932 with
707 878 819 933 definite
837 879 991 943 attributes,
1004 880 1093 950 might
1111 879 1180 934 have
1199 880 1271 936 been

221 963 307 1035 easily
318 965 459 1019 answered
471 964 509 1035 by
521 964 618 1035 saying
631 965 690 1018 that
701 964 737 1017 all
751 963 805 1017 this
817 963 907 1035 might
918 963 951 1018 of
959 980 1055 1019 course
1067 973 1179 1033 present
1191 965 1268 1020 itself

222 1057 251 1103 to
264 1049 308 1102 his
326 1048 420 1118 mind;
438 1050 489 1104 but
508 1049 529 1104 it
541 1067 597 1103 was
616 1049 682 1120 only
695 1049 741 1103 the
761 1049 845 1104 result
864 1048 896 1103 of
910 1047 1006 1120 seeing
1026 1066 1108 1120 every
1119 1049 1174 1122 day
1185 1051 1271 1105 about

221 1134 279 1189 him
300 1145 404 1191 statues
425 1135 482 1190 and
501 1135 620 1205 pictores
632 1134 722 1190 which
743 1135 844 1206 passed
863 1134 905 1189 for
924 1135 1156 1208 representatiqns
1177 1137 1210 1191 of
1223 1137 1270 1192 the

220 1221 301 1292 gods,
315 1222 365 1277 but
376 1222 466 1277 which
484 1221 519 1277 he
538 1221 651 1276 himself
664 1239 720 1276 was
742 1220 782 1276 far
802 1222 871 1277 from
892 1211 1068 1294 considering
1086 1238 1117 1276 as
1136 1222 1271 1297 anything

221 1325 297 1364 more
309 1308 377 1364 than
388 1309 508 1379 pictures
520 1308 552 1364 of
561 1308 650 1379 fancy¹
665 1308 754 1364 which
766 1309 822 1364 had
834 1326 871 1364 no
883 1307 964 1363 claim
976 1307 1114 1363 whatever
1124 1315 1154 1365 to
1167 1308 1251 1364 truth.

178 2002 201 2073 ,1
295 2005 361 2064 UM
385 2004 493 2063 multae
520 2021 566 2062 res
584 2004 625 2061 in
652 2002 838 2078 philosophia
861 2020 1048 2078 nequaquam
1077 2003 1146 2063 satis
1169 2003 1269 2063 adhuc

188 2069 200 2109 ¹
325 2101 485 2176 explicatae
506 2101 572 2171 sint,
587 2109 649 2157 tum
669 2099 857 2175 perdifficilis,
877 2101 974 2174 Bmte‚
995 2098 1077 2176 quod
1096 2109 1128 2160 tu
1147 2101 1268 2159 minime

219 2200 344 2274 ignoras,
368 2206 398 2254 et
419 2195 597 2271 perobscura
620 2196 752 2270 quaestio
778 2204 822 2254 est
846 2194 885 2253 de
909 2205 1012 2255 natura
1035 2195 1169 2268 deorum,'
1191 2215 1268 2271 quae

220 2303 250 2351 et
273 2293 313 2351 ad
339 2292 519 2368 agnitionem
539 2291 629 2348 animi
652 2290 847 2366 pulcherrima
871 2301 915 2349 est
939 2301 970 2349 et
993 2289 1032 2350 ad
1053 2289 1269 2350 moderandam

219 2389 389 2464 religionem
416 2386 588 2445 necessaria.
631 2387 678 2444 De
706 2404 765 2461 qua
785 2396 845 2444 tam
869 2386 964 2446 variae
993 2397 1060 2446 sunt
1083 2385 1267 2446 doctissimo·
1294 2405 1306 2444 s

216 2469 285 2544 ¹rum
301 2483 454 2543 hominum
474 2491 595 2558 tamque
609 2481 809 2557 discrepantes
830 2483 1002 2555 sententiae,
1017 2493 1049 2543 ut
1063 2502 1171 2559 magno
1185 2501 1268 2560 argu·

220 2591 322 2641 mento
345 2597 410 2639 esse
434 2578 541 2638 debeat
569 2597 688 2638 causam
716 2587 746 2637 et
772 2579 948 2654 principium
976 2579 1178 2655 philosophiae
1203 2598 1269 2639 esse

220 2678 412 2772 inscientiam,
425 2676 642 2753 prudenterque
663 2674 859 2735 Academicos
880 2695 897 2734 a
917 2677 1004 2736 rebus
1024 2677 1141 2736 incertis
1163 2676 1268 2736 adsen-

220 2772 333 2830 sionem
345 2752 519 2829 cohibuisse.
562 2766 643 2842 Quid
657 2776 702 2826 est
715 2767 794 2825 enim
808 2768 970 2826 temeritate
984 2769 1116 2845 turpius?
1136 2777 1186 2827 aut
1196 2767 1269 2844 quid

220 2878 289 2926 tam
294 2865 479 2926 temerarium
492 2875 612 2939 tamque
626 2862 780 2939 indignum
794 2863 932 2938 sapientis
945 2864 1084 2940 gravitate
1097 2873 1186 2940 atque
1197 2883 1268 2924 con·
1283 2887 1308 2915 ιο

220 2963 326 3022 stantia
344 2979 441 3038 quamv
453 2968 503 3018 aut
523 2960 627 3018 falsum
647 2959 753 3018 sentire
774 2969 833 3030 aut,
847 2959 929 3034 quod
950 2978 1011 3018 non
1032 2960 1100 3019 satis
1121 2961 1269 3036 explorate

220 3056 394 3134 perceptum
414 3055 451 3114 sit
477 3065 521 3114 et
533 3055 695 3141 cognitum,
716 3055 779 3113 sine
806 3055 864 3113 ulla
884 3053 1066 3114 dubitatione
1088 3054 1269 3116 defendere?

188 3173 202 3215 e
219 3153 330 3215 Velut
322 3171 352 3213 m
372 3153 429 3212 hac
442 3152 613 3229 quaestione
634 3151 774 3227 plerique,
785 3150 871 3228 quod
893 3152 1018 3210 maxime
1032 3152 1200 3212 verisimile
1214 3161 1268 3225 est,

220 3261 250 3311 et
264 3269 323 3328 quo
344 3266 448 3311 omnes
468 3248 545 3308 duce
566 3258 669 3307 natura
687 3248 830 3322 venimus,
845 3223 918 3309 deos
940 3266 1004 3309 esse
1023 3248 1167 3322 dixerunt,
1182 3248 1267 3309 dubi-

219 3359 280 3408 tare
307 3365 339 3408 se
367 3349 547 3423 Protagoras,
571 3346 665 3405 nullos
693 3363 757 3406 esse
785 3346 906 3405 omnino
935 3347 1076 3422 Diagoras
1104 3346 1212 3405 Melius
1238 3356 1268 3405 et
1281 3369 1305 3408 ιι

218 3445 394 3504 Theodorus
414 3443 591 3519 Cyrenaicus
611 3440 794 3518 putaverunt.
836 3443 897 3517 Qui
917 3460 987 3502 vero
1008 3442 1081 3502 deos
1102 3460 1167 3501 esse
1183 3441 1264 3502 dixe-

218 3550 294 3611 runt,
308 3549 390 3597 tanta
402 3548 470 3597 sunt
487 3539 518 3596 in
531 3539 668 3596 varietate
680 3547 709 3596 et
730 3538 921 3610 dissensione,
936 3548 968 3597 ut
989 3557 1091 3597 eorum
1112 3539 1268 3598 molestum

219 3636 255 3693 sit
277 3634 469 3692 dinumerare
483 3634 652 3713 sententias
694 3634 772 3692 Nam
797 3644 827 3692 et
850 3634 889 3692 de
910 3634 1007 3709 figuris
1029 3635 1153 3693 deorum
1174 3644 1204 3693 et
1223 3633 1267 3692 de

217 3729 290 3788 locis
311 3738 400 3802 atque
420 3728 539 3798 sedibus
559 3737 590 3785 et
610 3708 726 3785 actione
743 3728 819 3787 vitae
840 3708 931 3786 multa
948 3728 1095 3800 dicuntur,
1110 3728 1210 3832 deque
1223 3727 1268 3788 his

218 3841 334 3881 summa
353 3822 595 3898 philosophorum
616 3821 798 3880 dissensione
819 3831 964 3895 certatur3
986 3821 1067 3897 quod
1085 3839 1155 3882 vero
1176 3801 1266 3882 maxi·
1280 3849 1306 3881 ιο
