2932 4364
479 377 545 426 ira.
557 376 607 426 111.
639 376 868 427 maxx-xxm
904 378 1037 445 ltu-57·
1221 383 1279 448 153

230 516 371 602 quissimo
392 537 422 587 et
443 529 617 605 Proserpina
636 528 706 601 nati,
719 529 928 605 Tritopatreus,
944 531 1103 606 Eubuleus,
1124 533 1280 611 Dionysus,

230 624 353 682 secundi
368 626 438 682 Iove
453 625 538 684 tertio
552 625 612 684 nati
627 633 656 683 et
668 624 759 696 Leda,
773 627 877 684 Castor
891 636 920 684 et
932 628 1042 700 Pollux,
1055 629 1131 688 tertii
1144 630 1282 690 dicuntur

230 739 321 779 anon
336 721 421 780 nullis
435 722 509 780 Alco
525 731 554 781 et
568 722 735 798 Melampus
750 732 780 781 et
793 723 925 796 Tmolus,
940 725 1020 784 Atrei
1033 725 1093 799 filii,
1108 727 1159 802 qui
1173 728 1280 805 Pelope

229 827 314 876 natus
328 818 389 876 suit.
423 820 487 876 Iam
502 822 607 877 Musae
621 820 732 895 primae
746 829 883 896 quattuor
898 823 968 880 Iove
983 823 1072 881 altero
1087 833 1182 896 natae,
1192 826 1279 884 Thel·
1293 835 1319 878 Μ

198 935 210 974 s
229 913 326 985 xinoe,
341 914 454 986 Aoede,
469 914 575 986 Arche,
591 913 711 987 Melete,
726 916 874 974 secundae
896 918 967 975 Iove
988 919 1072 976 tertio
1094 928 1123 977 et
1145 922 1281 979 Mnemo-v

229 1026 299 1083 syne
324 1019 494 1085 procreatae
518 1028 634 1081 novem,
656 1010 756 1068 tertiae
783 1011 868 1069 Piero
890 1021 976 1070 natae
999 1021 1029 1070 et
1050 1014 1187 1090 Antiopa,
1207 1033 1280 1090 quas

230 1104 358 1163 Pieridas
383 1115 412 1164 et
435 1106 542 1165 Pierias
566 1107 660 1165 solent
683 1106 789 1182 poitae
816 1107 970 1182 appellare,
994 1107 1088 1167 isdem
1112 1110 1280 1171 nominibus

229 1209 259 1259 et
279 1201 387 1261 eodem
408 1221 541 1275 numero,
555 1221 616 1279 quo
634 1202 785 1279 proximae
805 1203 976 1290 superiores.
1018 1205 1154 1282 Cumque
1175 1215 1207 1266 tu
1227 1209 1279 1268 So·

228 1296 296 1368 lem,
317 1300 386 1374 quia
404 1300 484 1358 solus
505 1309 591 1371 esset,
612 1300 791 1376 appellatum
812 1317 876 1358 esse
900 1299 991 1371 dicas,
1013 1301 1094 1361 Soles
1115 1302 1170 1378 ipsi
1190 1322 1278 1380 quam

192 1419 217 1448 ιο
229 1394 311 1452 multi
329 1412 348 1452 a
365 1395 508 1471 theologis
527 1396 732 1472 prolemuturl
773 1397 859 1455 Unus
874 1413 976 1454 eornm
991 1398 1062 1455 Iove
1076 1407 1170 1471 natus,
1185 1418 1279 1476 nepos

229 1491 370 1563 Aetheris,
382 1492 453 1549 alter
468 1476 650 1567 Hyperione,
661 1492 762 1551 tertius
771 1492 914 1564 Volcano,
926 1492 986 1550 Nili
999 1493 1069 1565 tilio,
1080 1493 1162 1554 cuius
1176 1495 1278 1554 urbem

229 1588 363 1663 Aegyptii
376 1589 477 1647 volunt
491 1606 555 1648 esse
569 1607 645 1662 eam,
660 1607 735 1665 quae
752 1589 917 1664 Heliopolis
931 1589 1101 1665 appellatur,
1112 1601 1230 1666 quartus
1244 1591 1278 1665 is,

229 1703 319 1760 quem
334 1685 457 1745 heroicis
471 1686 651 1763 temporibus
665 1686 800 1745 Acantho
815 1685 917 1745 Rhodi
930 1685 1078 1762 peperisse
1093 1684 1208 1761 dicitur,
1223 1732 1231 1748 .
1246 1733 1253 1749 .
1270 1733 1278 1749 .

230 1782 325 1858 Ialysi,
340 1783 458 1855 Camiri,
474 1783 570 1856 Lindi,
586 1783 695 1856 Rhodi,
710 1783 837 1860 quintus,
852 1782 903 1860 qui
917 1782 1038 1843 Colchis
1055 1783 1143 1843 fertur
1156 1786 1279 1845 Aeetam

192 1903 217 1942 ις
229 1888 259 1938 et
273 1879 391 1939 Circam
404 1881 612 1956 procreavisse.
652 1880 777 1939 Volcani
790 1880 862 1939 item
876 1881 1050 1958 complures,
1065 1881 1175 1956 primus
1188 1855 1323 1964 Caeni?

229 1986 322 2048 natus,
337 1995 375 2035 ex
396 1996 456 2052 quo
475 1986 505 2035 et
520 1978 657 2036 Minerva
670 1977 837 2053 Apollinem
852 1994 930 2048 eum,
945 1977 1028 2036 cuius
1046 1977 1076 2035 in
1090 1979 1180 2037 tutela
1192 1979 1281 2038 Athe-

229 2090 281 2130 nas
296 2073 406 2147 antiqui
420 2073 550 2131 historici
564 2091 628 2131 esse
639 2073 801 2145 voluerunt,
813 2071 960 2131 secundus
972 2073 1041 2131 Nilo
1050 2082 1149 2145 natus,
1161 2075 1278 2148 Phthas,

229 2177 261 2226 nt
285 2169 420 2245 Aegyptii
448 2169 605 2245 appellant,
630 2187 720 2246 quem
748 2167 904 2228 custodem
930 2186 996 2227 esse
1021 2169 1146 2245 Aegypti
1169 2171 1279 2244 volunt,

228 2265 328 2324 tertius
352 2283 390 2323 ex
412 2266 498 2324 tertio
520 2267 592 2324 Iove
616 2275 647 2325 et
667 2267 792 2338 Iunone,
813 2265 865 2340 qui
883 2265 988 2324 lemni
1011 2265 1136 2325 fabricae
1160 2265 1280 2326 traditur

191 2363 395 2439 ”praefuisse
419 2372 537 2438 quartus
562 2363 705 2422 Memalio
728 2372 822 2434 natus,
846 2361 897 2438 qui
919 2362 1012 2421 tenuit
1036 2361 1142 2423 insulas
1160 2375 1280 2440 propter

229 2458 364 2531 Siciliam,
379 2477 455 2534 quae
468 2460 628 2517 Volcaniae
642 2459 878 2525 nominabantur.
920 2459 1083 2517 Mercurius
1098 2477 1172 2518 unus
1187 2460 1278 2520 Caelo
1290 2476 1317 2518 aa

228 2565 320 2631 patre,
336 2555 392 2613 Die
408 2565 498 2613 matre
512 2564 606 2626 natus,
621 2556 704 2613 cuius
720 2553 875 2613 obscenius
889 2555 1015 2612 excitata
1027 2564 1131 2613 natura
1149 2555 1278 2628 traditur,

228 2649 310 2725 quod
331 2659 451 2725 aspectu
467 2650 656 2725 Proserpinae
671 2657 838 2707 commotus
852 2649 897 2719 sit,
912 2648 985 2706 alter
997 2648 1128 2707 Valentis
1142 2659 1172 2708 et
1186 2650 1277 2709 Cor'o·

229 2744 305 2802 nidis
326 2745 408 2814 lilius,
424 2745 448 2802 is
468 2745 519 2819 qui
539 2745 593 2802 sub
614 2745 696 2802 terris
717 2742 840 2802 habetur
860 2742 940 2801 idem
960 2742 1157 2818 Trophonius,
1178 2745 1277 2803 tertius

191 2861 215 2900 σε
230 2839 301 2896 Iove
325 2839 410 2896 tertio
434 2846 518 2896 natus
543 2845 573 2896 et
595 2839 684 2910 Maia,
710 2855 747 2895 ex
768 2855 829 2913 quo
853 2846 884 2895 et
905 2837 1054 2911 Penelopa
1076 2838 1155 2895 Pana
1176 2846 1275 2896 natum

228 2934 332 3006 serunt,
354 2943 472 3008 quartus
493 2933 562 2991 Nilo
583 2943 674 3009 patre,
691 2950 781 3008 quem
794 2931 932 3008 Aegyptii
951 2931 1033 2990 nefas
1054 2931 1163 2991 habent
1183 2933 1276 2991 nomi-

227 3047 307 3101 nare,
338 3029 465 3105 quintus,
492 3046 585 3104 quem
616 3029 716 3087 colunt
747 3028 924 3098 Pheneatae,
951 3026 1003 3102 qui
1033 3029 1142 3102 Argum
1172 3026 1278 3086 dicitur

227 3125 408 3184 interemisse
436 3125 476 3184 ob
505 3143 629 3200 eamque
661 3142 780 3183 causam
808 3125 974 3200 Aegyptum
990 3122 1162 3198 profugisse
1189 3132 1277 3199 atque

228 3223 377 3298 Aegyptiis
397 3222 477 3298 leges
498 3231 528 3280 et
551 3222 658 3280 litteras
682 3219 845 3281 tradidisse.
888 3221 981 3280 Hunc
1003 3219 1139 3295 Aegyptii
1159 3219 1278 3279 Theuth

190 3319 383 3395 aappellant,
408 3318 575 3393 eodemque
603 3317 722 3377 nomine
749 3316 820 3376 anni
847 3316 956 3393 primus
983 3315 1092 3374 mensis
1119 3313 1200 3391 apud
1226 3334 1278 3376 eos

227 3424 356 3474 vocatur.
385 3415 625 3490 Aesculapiomm
639 3414 748 3490 primus
759 3413 911 3489 Apollinis,
922 3431 1013 3488 quem
1023 3410 1153 3471 Arcades
1168 3412 1277 3486 colunt,
1290 3432 1316 3476 nt

227 3511 278 3586 qui
302 3510 454 3586 specillum
478 3509 623 3568 invenisse
647 3509 816 3585 primusque
840 3509 943 3567 volnus
968 3507 1074 3567 dicitur
1095 3508 1278 3584 obligavisse,

227 3605 374 3666 secundus
395 3605 518 3665 secundi
537 3604 676 3664 Mercurii
690 3606 775 3664 irater
785 3625 794 3678 3
816 3605 839 3664 is
856 3605 976 3664 fulmine
996 3622 1151 3681 percussus
1172 3604 1279 3664 dicitur

227 3701 363 3761 humatus
377 3721 440 3761 esse
455 3702 632 3778 Cynosuris;
654 3702 753 3761 tertius
768 3701 884 3778 Arsippi
899 3711 928 3760 et
942 3701 1093 3774 Arsinoae,
1104 3702 1153 3778 qui
1168 3702 1277 3779 primus

190 3799 429 3875 „purgationem
449 3799 505 3858 alvi
523 3798 679 3875 dentisque
693 3799 883 3872 evolsionem,
897 3808 930 3857 ut
943 3798 1046 3872 ierunt,
1061 3799 1179 3873 invenit,
1194 3799 1277 3860 cuius
