2932 4364
522 365 587 416 mn.
605 366 626 415 1.
658 353 975 425 ciaxxxrvmxxv.
1009 367 1140 429 §nme
1297 350 1347 412 ‚61

304 518 383 576 milia
409 535 473 577 esse
503 517 690 589 mundorum,
718 517 772 576 sed
802 517 1022 576 innumerabilia
1051 535 1137 575 ausus
1169 535 1201 575 es
1233 517 1353 576 dicere?

304 614 392 671 Ratio
411 613 522 671 docuit.
564 614 643 686 Ergo
665 612 723 670 hoc
745 621 774 669 te
793 612 866 670 ratio
885 630 947 670 non
966 611 1095 684 docebit,
1116 629 1183 669 cum
1204 622 1351 687 praestan-

303 709 413 766 tissima
438 716 541 764 natura
567 715 729 780 quaeratur,
757 699 850 780 eaque
877 706 964 764 beata
987 715 1017 763 et
1040 715 1166 777 aeterna,
1191 724 1266 780 quae
1291 708 1352 765 sola

303 803 402 861 divina
421 813 524 861 natura
543 812 596 874 est,
618 811 650 859 ut
670 802 876 860 inmortalitate
895 802 1046 859 vincamur
1066 800 1104 860 ab
1124 818 1161 858 ea
1180 810 1290 873 natura,
1309 803 1351 860 sic

271 916 284 954 s
302 900 391 957 animi
415 899 591 974 praestantia
613 898 700 970 vinci,
724 907 812 972 atque
832 906 865 955 ut
886 891 985 967 animi,
1007 897 1078 954 item
1102 897 1251 973 corporis?
1292 899 1352 958 Cur

292 993 396 1070 igitur,
411 1013 479 1053 cum
495 994 598 1053 ceteris
618 995 704 1052 rebus
726 993 874 1051 inferiores
895 993 993 1063 simus,
1015 992 1108 1051 forma
1127 1010 1212 1069 pares
1232 996 1351 1054 sumus?

302 1090 341 1150 ad
355 1090 572 1149 similitudinem
586 1088 667 1149 enim
680 1089 804 1148 deorum
825 1089 945 1164 propius
965 1087 1129 1148 accedebat
1150 1089 1277 1149 humana
1296 1091 1360 1149 vir·'

302 1197 348 1246 tus
371 1207 461 1264 quarn
484 1188 583 1263 figura„
624 1188 671 1245 An
695 1187 853 1263 quicquam
877 1195 937 1244 tam
961 1185 1070 1263 puerile
1094 1186 1154 1245 dici
1177 1197 1274 1264 potest
1302 1169 1392 1277 (th5

302 1284 429 1343 eundem
445 1284 545 1343 locum
563 1283 670 1342 diutius
691 1284 839 1360 urgeam),
854 1301 944 1359 quarn
964 1283 989 1343 si
1009 1301 1046 1342 ea
1064 1302 1171 1360 genera
1191 1285 1349 1357 beluarum,

265 1403 290 1430 10
301 1391 377 1455 quae
402 1381 432 1438 in
455 1381 542 1440 rubro
556 1380 638 1438 mari
666 1379 787 1438 indiave
815 1379 977 1455 gignantur,
1002 1381 1080 1439 nulla
1106 1399 1169 1440 esse
1197 1381 1350 1442 dicamus?

301 1477 390 1553 Atqui
409 1475 651 1536 necuriosissimi
671 1475 791 1551 quidem
813 1474 947 1535 homines
967 1477 1147 1552 exquirendo
1164 1478 1268 1557 audire
1289 1488 1349 1537 tarn

301 1575 392 1632 multa
411 1583 543 1650 possunt,
565 1592 654 1648 quam
674 1582 742 1632 suut
763 1574 862 1645 multa,
883 1591 959 1649 quae
980 1583 1063 1645 terra,
1084 1575 1164 1646 mari,
1185 1575 1348 1650 paludibus,

301 1669 466 1729 fluminibus
480 1671 621 1729 exsistunt
631 1690 640 1743 ;
661 1688 738 1745 quae
757 1687 899 1745 negemus
919 1687 992 1742 esse,
1007 1671 1076 1747 quia
1096 1689 1255 1747 numquam
1276 1672 1348 1732 vidi·

301 1769 388 1826 mus?
428 1769 497 1843 Ipsa
510 1785 579 1825 vero
593 1786 682 1842 quam
703 1766 776 1825 nihil
795 1766 833 1824 ad
854 1784 917 1824 rem
934 1767 1068 1842 pertinet,
1082 1786 1158 1842 quae
1178 1786 1231 1828 vos
1251 1769 1349 1828 delec-

265 1888 289 1925 ις
302 1873 343 1921 tat
369 1864 505 1935 maxime,
533 1862 712 1922 similitudol
755 1861 857 1936 Quid?
890 1863 970 1920 cauis
997 1880 1096 1921 nonne
1129 1863 1229 1922 similis
1259 1865 1350 1940 lupo?

301 1968 399 2035 atque,
413 1968 445 2018 ut
460 1959 581 2030 Ennius,

349 2104 459 2163 Simia
478 2122 583 2180 quam
604 2104 750 2181 similis,
772 2104 996 2179 turpissuma
1018 2105 1153 2178 bestia,
1175 2107 1300 2166 nobis!

301 2259 330 2307 at
361 2268 458 2309 mores
490 2250 520 2308 in
550 2257 674 2323 utroque
704 2248 843 2324 dispares.
895 2249 1061 2324 Elephanto
1093 2250 1243 2309 beluarum
1273 2252 1352 2310 nulla

299 2345 489 2420 prudentior3
510 2356 539 2404 at
560 2346 651 2419 figura
672 2362 748 2419 quae
769 2346 896 2403 vastior?
936 2346 984 2403 De
1002 2346 1101 2404 bestiis
1114 2348 1218 2420 loquor
1228 2367 1236 2418 ;
1258 2347 1388 2423 quidina

263 2470 289 2499 ω
300 2441 375 2499 inter
388 2442 466 2515 ipsos
480 2441 614 2540 lpomines
627 2458 726 2498 nonne
742 2449 772 2498 et
785 2440 936 2498 simillimis
954 2441 1053 2498 formis
1067 2440 1196 2516 dispares
1210 2459 1306 2499 mores
1320 2451 1350 2500 et

471 2514 486 2534 Ὗ

228 2535 234 2545 ’
301 2501 605 2622 ιηοῐίὺυεζῗιπιῗῖίίηιὺ
623 2537 714 2610 figura
733 2535 900 2593 dissimilis?
941 2536 1060 2594 Etenim
1081 2537 1105 2594 si
1125 2538 1225 2608 semel,
1246 2538 1348 2608 Vellei,

226 2630 228 2634 ’
277 2632 472 2707 ⁴suscipimus
500 2650 592 2706 genus
620 2631 679 2689 hoc
708 2631 879 2706 argumenti,
909 2632 1038 2702 attende,
1067 2650 1126 2706 quo
1154 2641 1260 2708 serpat
1301 2635 1348 2691 Tu

300 2728 378 2787 enim
392 2727 527 2786 sumebas
541 2727 596 2785 nisi
610 2727 640 2784 in
654 2726 780 2785 hominis
795 2726 886 2802 figura
899 2727 1042 2786 rationem
1056 2728 1151 2786 inesse
1165 2746 1225 2787 non
1240 2746 1347 2805 posse;

299 2834 394 2883 sumet
407 2824 479 2883 alius
493 2824 547 2881 nisi
562 2824 592 2882 in
606 2823 740 2894 terrestri,
754 2822 810 2880 nisi
830 2823 923 2895 ineo,
941 2823 992 2898 qui
1010 2833 1096 2881 natus
1114 2825 1160 2894 sit,
1178 2825 1233 2883 nisi
1251 2825 1282 2883 in
1300 2844 1347 2897 eo,

261 2944 286 2984 ις
299 2920 349 2995 qui
362 2920 530 2992 adoleverit,
544 2920 600 2978 nisi
614 2920 643 2977 in
658 2937 704 2991 eo,
719 2919 770 2994 qui
784 2918 929 2992 didicerit,
945 2920 1000 2978 nisi
1017 2919 1047 2977 in
1064 2937 1111 2992 eo,
1128 2921 1179 2995 qui
1196 2939 1233 2979 ex
1248 2922 1347 2979 animo

298 3027 413 3076 constet
429 3026 459 3075 et
475 3033 598 3092 corpore
617 3017 731 3074 caduco
749 3025 779 3074 et
800 3016 924 3087 infirm0,
942 3024 1092 3090 postremo
1109 3016 1163 3073 nisi
1180 3017 1210 3074 in
1228 3017 1347 3075 homine

298 3124 385 3191 atque
403 3114 530 3180 mortali.¹
568 3112 683 3189 Quodsi
697 3113 727 3171 in
744 3113 879 3171 omnibus
897 3112 941 3170 lris
958 3111 1045 3170 rebus
1061 3111 1185 3185 obsistis,
1205 3112 1345 3188 quidest,

297 3211 379 3287 quod
387 3221 416 3270 te
427 3212 586 3270 sormauna
596 3211 771 3269 conturbet?
799 3210 856 3267 His
867 3210 946 3267 enim
957 3209 1101 3281 omnibus,
1112 3228 1187 3285 quae
1198 3212 1345 3286 proposui,

297 3308 441 3367 adiunctis
457 3307 488 3366 in
505 3308 624 3366 homine
643 3307 785 3365 rationem
803 3325 867 3365 esse
884 3316 914 3365 et
930 3317 1060 3365 mentem
1081 3306 1220 3380 videbas;
1241 3308 1346 3383 quibus

261 3430 286 3468 ,ο
298 3404 434 3462 detractis
448 3403 538 3462 deum
553 3414 651 3461 tamen
665 3421 752 3461 nosse
767 3413 796 3461 te
811 3403 894 3474 dicis,
909 3404 1000 3461 modo
1015 3404 1184 3462 liniamenta
1198 3415 1346 3464 maneant.

298 3501 368 3557 Hoc
387 3509 508 3556 estnon
525 3497 719 3568 considerare,
737 3498 790 3556 sed
807 3499 889 3572 quasi
906 3499 1007 3568 sortiri,
1023 3499 1094 3573 quid
1111 3501 1239 3574 loquare.
1282 3486 1384 3558 Nisilan

297 3586 370 3651 sorte
384 3611 422 3651 ne
437 3593 495 3650 hoc
509 3593 629 3667 quidem
646 3592 781 3663 attendis,
798 3611 859 3650 non
878 3592 969 3650 modo
990 3594 1019 3650 in
1037 3593 1166 3666 homine,
1185 3595 1239 3653 sed
1257 3596 1345 3654 etiam

296 3687 327 3746 in
349 3688 460 3760 arbore,
483 3687 624 3763 quicquid
646 3705 894 3762 supervacaneum
915 3687 952 3744 sit
972 3697 1022 3747 aut
1042 3708 1126 3746 usum
1148 3708 1208 3748 non
1229 3691 1345 3762 habeat,

296 3783 421 3842 obstare.
463 3770 561 3858 Quam
580 3782 736 3841 molestum
755 3791 799 3841 est
816 3800 877 3841 uno
898 3782 989 3858 digito
1010 3784 1074 3859 plus
1095 3783 1222 3844 habere!
1264 3784 1346 3860 Quid
