2932 4364
504 343 569 392 ms.
583 344 603 394 1.
637 345 698 394 cn.
715 345 797 405 xxv,
808 345 905 395 xxvi
938 346 969 409 §s
982 344 1071 410 σιμ.
1271 343 1310 410 53

264 494 350 554 Idem
377 496 447 553 iacit
469 497 500 553 in
524 504 627 553 natura
647 496 770 554 deorum
781 517 790 568 ;
819 496 892 556 dum
915 496 1131 556 individuorum
1156 509 1349 572 corporumu

262 591 481 648 concretionem
496 591 576 665 sugit,
590 609 628 648 ne
644 591 773 649 interitus
787 600 819 649 et
833 591 983 667 dissipatio
1004 602 1209 668 consequatur,
1225 603 1312 668 negat

262 703 326 742 esse
341 703 447 760 corpus
461 686 593 757 deorum,
609 685 662 744 sed
683 697 834 761 tamquam
854 706 970 763 corpus,
985 706 1041 745 nec
1063 689 1243 763 sanguinem,
1258 687 1313 747 sed

263 790 411 856 tamquam
425 781 606 857 sanguinem.
650 783 782 840 Mirabile
797 782 919 854 videtur,
935 782 1017 858 quod
1037 801 1097 840 nou
1113 783 1207 841 rideat
1228 783 1356 842 ham-28

232 894 342 951 sspex,
357 895 426 935 curn
448 876 630 952 haruspicem
652 877 756 936 viderit
766 899 774 950 ;
797 879 855 937 hoc
876 879 1041 950 mirabilius,
1064 878 1145 954 quod
1166 898 1218 938 vos
1239 879 1313 938 inter

262 993 314 1031 vos
327 974 416 1032 risum
430 983 529 1032 tenere
547 975 671 1049 possitis.
715 976 802 1033 ‘Non
818 985 862 1034 est
875 993 991 1050 corpus,
1007 975 1061 1034 sed
1082 977 1164 1052 quasi
1184 978 1311 1051 corpus'

264 1071 334 1128 Hoc
349 1070 546 1147 intellegerem
560 1072 645 1147 quale
660 1081 746 1143 esset,
761 1072 785 1130 si
800 1073 828 1131 in
843 1073 917 1130 ceris
931 1072 1088 1147 fingeretur
1108 1081 1157 1130 aut
1177 1072 1312 1132 fictilibus

263 1167 379 1242 figuris;
407 1167 436 1224 in
459 1165 517 1225 deo
538 1167 610 1243 quid
632 1169 669 1226 sit
692 1169 792 1243 ‘quasi
814 1170 939 1243 corpus'
965 1178 1016 1226 aut
1043 1169 1142 1243 ‘quasi
1169 1169 1311 1244 sanguis’,

263 1261 428 1337 intellegere
454 1281 514 1320 non
539 1282 659 1338 possum
670 1283 679 1335 ;
707 1282 745 1322 ne
768 1272 799 1321 tu
823 1262 954 1338 quidem,
980 1264 1081 1335 Vellei,
1107 1263 1160 1322 sed
1184 1282 1244 1322 non
1270 1265 1311 1322 vis

227 1357 352 1415 wiateri.
395 1359 455 1416 Ista
479 1359 557 1416 enirn
580 1377 597 1416 a
617 1358 700 1417 vohis
722 1359 805 1434 quasi
829 1359 939 1418 dictata
958 1358 1128 1431 redduntur,
1143 1377 1218 1434 quae
1242 1307 1377 1469 Epi&

263 1470 349 1511 curus
376 1449 502 1511 oscitans
532 1454 713 1513 halucinatus
743 1465 796 1528 est,
825 1474 893 1513 cum
925 1455 1045 1531 quidem
1075 1455 1250 1530 gloriaretur,
1279 1463 1312 1513 ut

261 1548 395 1607 videmus
415 1549 445 1607 in
466 1549 589 1625 scriptis,
610 1568 642 1609 se
663 1551 832 1626 magistrum
853 1552 987 1610 habuisse
1009 1552 1128 1611 nullum.
1172 1551 1262 1626 Quod
1283 1551 1311 1609 ei
1348 1620 1351 1626 Ι

263 1663 324 1705 non
351 1643 532 1721 praedicanti
559 1656 658 1706 tamen
685 1648 768 1707 facile
793 1647 931 1724 equidem
956 1647 1120 1720 crederem
1142 1649 1216 1707 sicut
1243 1646 1312 1707 mali

265 1741 390 1802 aedificii
413 1741 534 1802 domino
548 1744 691 1821 -glorianti
711 1763 743 1804 se
764 1745 956 1824 architectum
976 1763 1037 1804 non
1057 1745 1212 1818 habuisse;
1240 1745 1312 1804 nihil

228 1861 252 1902 ιε
265 1840 426 1900 enim-olet
446 1859 484 1899 ex
503 1839 673 1914 Academia,
694 1842 766 1901 nihil
786 1861 824 1901 ex
845 1843 945 1918 Lycio,
966 1842 1095 1901 nihilne
1116 1860 1133 1901 e
1154 1842 1311 1918 puerilibus

265 1937 383 2013 quidem
404 1938 573 2014 disciplinis.
614 1941 802 1998 Xenocraten
822 1927 922 1998 audire
943 1940 1046 2016 potuit,
1061 1940 1266 2015 quemvvirum,
1281 1940 1312 1999 di

265 2034 449 2093 inmortales?
470 2043 501 2093 et
524 2044 591 2094 sunt
611 2036 662 2111 qui
682 2045 787 2111 putent
806 2035 922 2094 audisse
933 2056 942 2108 ;
964 2037 1025 2111 ipse
1046 2054 1108 2094 non
1121 2037 1180 2094 vult
1191 2056 1199 2107 ;
1221 2037 1312 2095 credo

258 2130 330 2218 ¹plus
350 2130 469 2189 nemini.
512 2130 695 2205 Pamphilum
715 2131 874 2206 quendam,
898 2131 1024 2189 Platonis
1045 2131 1218 2202 auditorem,
1235 2133 1274 2190 ait
1295 2150 1313 2190 a

265 2244 297 2285 se
311 2227 389 2287 Sami
403 2225 534 2285 auditum
545 2246 554 2299 ;
576 2226 615 2285 ibi
630 2227 709 2285 enim
728 2225 902 2285 adulescens
923 2226 1071 2285 habitabat
1091 2244 1160 2284 curn
1181 2235 1261 2312 patre
1283 2238 1313 2285 et

229 2340 254 2370 ὀ
266 2306 405 2395 fratribus,
420 2323 502 2398 quod
516 2323 546 2381 in
560 2341 626 2382 eam
640 2332 723 2398 pater
736 2323 798 2381 eius
814 2323 943 2381 Neocles
960 2323 1089 2398 agripeta
1102 2332 1238 2394 venerat;
1260 2323 1313 2381 sed

265 2437 333 2477 eum
348 2418 456 2495 agellus
469 2437 538 2477 eum
552 2437 613 2477 non
630 2419 698 2477 satis
718 2419 817 2489 aleret,
831 2427 864 2476 ut
884 2419 997 2494 opinor,
1012 2416 1073 2476 ludi
1094 2418 1231 2492 magister
1250 2418 1312 2476 suit

265 2513 324 2573 Sed
337 2514 416 2572 hunc
430 2515 612 2592 Platonicum
631 2515 751 2572 mirifice
772 2515 936 2572 contemnit
955 2514 1118 2588 Epicurus;
1140 2513 1185 2586 ita
1199 2513 1311 2584 metuit,
1325 2524 1350 2567 ⁷³

264 2590 388 2686 nequid
402 2627 542 2686 umquam
556 2609 693 2668 didicisse
708 2608 848 2668 videatur.
891 2610 926 2667 In
947 2607 1136 2683 Nausiphane
1145 2609 1312 2760 gemueri-

264 2713 314 2764 teo
328 2713 442 2764 tenetur
452 2724 461 2779 ;
482 2725 571 2782 quem
585 2724 654 2765 cum
673 2724 691 2763 a
709 2723 741 2764 se
762 2723 823 2763 non
843 2714 931 2780 neget
951 2703 1093 2775 auditum,
1108 2721 1142 2761 ve
1163 2768 1165 2773 ,
1182 2712 1193 2760 t
1214 2713 1312 2761 tamen

227 2821 252 2862 as
264 2800 400 2861 omnibus
413 2802 605 2861 contumeliis.
646 2801 735 2878 Atqui
748 2801 773 2860 si
786 2800 860 2861 haec
882 2801 1072 2859 Democritea
1092 2817 1153 2857 non
1173 2798 1311 2871 audisset,

264 2895 335 2973 quid
348 2896 500 2960 audierat?
519 2897 591 2974 quid
605 2909 649 2958 est
663 2899 693 2957 in
707 2897 833 2974 physicis
855 2897 975 2975 Epicuri
997 2914 1057 2955 non
1080 2914 1098 2954 a
1119 2896 1314 2954 Democrito?

256 2996 343 3061 ¹Nam
364 2995 419 3055 etsi
440 2995 585 3071 quaedam
608 2995 806 3067 commutavit,
822 3005 854 3054 ut
867 2979 950 3070 quod
971 2992 1058 3069 paulo
1079 3001 1146 3050 aute
1171 2992 1210 3051 de
1231 2991 1311 3050 incli-

264 3093 381 3151 natione
400 3083 569 3151 'atomorum
590 3092 659 3163 dixi,
674 3103 772 3152 tamen
793 3093 932 3167 pleraque
955 3089 1026 3148 dicit
1051 3088 1166 3161 eadem,
1189 3100 1327 3160 atomos,-

265 3186 360 3260 iuane,
369 3189 518 3263 imagines,
530 3189 701 3247 intinitatem
715 3188 848 3246 locorum
862 3185 1213 3259 innumerabilitatemque
1229 3202 1312 3242 mun·

228 3307 253 3346 so
265 3282 378 3355 dorum,
393 3301 494 3342 eorum
514 3295 604 3356 ortus,
618 3285 757 3354 interitus,
771 3284 871 3342 omnia
891 3283 959 3354 lere,
974 3281 1080 3356 quibus
1101 3289 1219 3339 naturae
1241 3279 1313 3337 ratio

266 3381 438 3438 continetur.
476 3376 568 3439 'Nunc
586 3381 660 3438 i'stuc
683 3380 783 3454 ‘quasi
804 3380 927 3454 corpus'
950 3387 981 3435 et
1003 3377 1103 3452 ‘quasi
1124 3375 1313 3451 sanguinem'

225 3492 229 3500 ·
265 3473 336 3548 quid
356 3474 518 3549 intellegis?
559 3477 623 3548 Ego
637 3475 716 3532 enim
735 3483 763 3531 te
785 3475 857 3531 scire
879 3475 933 3530 ista
954 3472 1056 3529 melius
1074 3489 1164 3545 quam
1184 3488 1232 3527 me
1254 3486 1314 3526 non
1327 3483 1352 3524 tt

265 3567 356 3626 fateor
369 3569 473 3639 solum,
488 3568 541 3625 sed
555 3570 644 3626 etiam
658 3569 742 3626 facile
763 3569 876 3642 patior;
898 3586 965 3624 curn
988 3565 1108 3639 quidem
1129 3564 1220 3621 semel
1235 3563 1314 3620 dicta

202 3645 205 3650 ⁴
264 3672 339 3734 suut,
349 3662 421 3738 quid
435 3672 488 3736 est,
500 3663 581 3739 quod
595 3664 721 3721 Velleius
736 3662 901 3737 intellegere
916 3661 1015 3736 possit,
1028 3662 1116 3719 Cotta
1128 3677 1188 3717 non
1203 3658 1315 3735 possit?

228 3775 252 3817 as
265 3759 369 3835 Itaque
385 3778 491 3837 corpus
505 3759 577 3835 quid
594 3761 639 3831 sit,
653 3759 769 3834 sanguis
790 3757 862 3834 quid
883 3758 929 3831 sit,
943 3757 1089 3832 intellego,
1104 3755 1186 3831 quasi
1207 3772 1313 3830 corpus
