2932 4364
490 391 556 441 LlB.
569 391 604 440 11.
638 390 700 440 Car.
715 392 808 444 XLIV.
839 390 1004 454 §5112-114.
1211 386 1268 453 115

221 546 303 606 Hinc
317 555 415 604 autern
429 544 575 620 aspicitur,
1278 553 1316 628 up

300 660 347 719 Ut
368 676 447 717 sese
469 657 671 716 ostendens
692 657 846 732 emergit
867 655 1040 731 Scorpios
1062 653 1134 713 alte

303 754 511 812 Posteriore
533 753 681 810 trahens
702 753 848 828 plexum
869 752 902 809 vi
924 751 1091 827 corporis
1111 769 1249 822 arcum,

302 849 417 923 Quem
438 857 590 923 propter
609 848 732 905 nitens
754 847 878 921 pinnis
899 846 1134 904 convolvitur
1154 845 1253 905 Ales.

190 952 203 992 ⁵
302 948 346 1003 At
366 953 517 1020 propter
537 961 574 1001 se
597 942 730 1017 Aquila
749 942 895 1001 ardenti
916 960 996 1001 cum
1016 959 1171 1019 corpore
1192 958 1274 1018 por·

223 1120 342 1181 Deinde
357 1120 531 1196 Delphinus,
1026 1046 1093 1097 tat·

305 1249 446 1308 Exinde
468 1250 583 1310 Orion
604 1249 757 1326 obliquo
778 1266 933 1326 corpore
954 1249 1092 1308 nitens.

224 1381 323 1456 Quem
337 1381 518 1456 subsequens
1283 1393 1319 1437 nt

189 1530 213 1558 ¹0
306 1511 483 1571 Fervidus
504 1510 566 1570 ille
588 1513 699 1573 Canis
721 1511 911 1571 stellarum
930 1512 1013 1571 luce
1034 1509 1209 1587 refulget.

226 1643 296 1703 Post
310 1644 408 1720 Lepus
421 1644 607 1721 subsequitur

307 1775 538 1834 Curriculum
560 1794 753 1854 numquam
774 1775 922 1836 defesso
942 1792 1098 1852 corpore
1119 1773 1267 1834 sedans.

308 1875 352 1930 At
366 1870 476 1930 Canis
493 1871 536 1929 ad
559 1872 711 1930 caudam
732 1889 884 1947 serpens
904 1871 1279 1947 prolabiturArgo....

311 1969 415 2025 Hanc
436 1968 539 2025 Aries
561 1969 654 2043 tegit
675 1977 710 2025 et
731 1985 926 2042 squamoso
947 1984 1102 2042 corpore
1124 1966 1250 2025 Pisces

193 2086 217 2125 τε
311 2064 488 2122 Fluminis
510 2064 656 2122 inlustri
678 2072 890 2138 tangentem
911 2080 1066 2139 corpore
1086 2062 1199 2138 ripas.

230 2193 329 2268 Quem
343 2194 429 2268 longe
444 2202 610 2269 serpentem
624 2202 654 2251 et
668 2203 836 2251 manantem
849 2191 974 2268 aspicies

720 2340 949 2398 proceraque
970 2321 1101 2380 Vincla
1120 2318 1280 2393 videbis,

312 2419 412 2494 Quae
452 2420 616 2478 retinent
649 2420 773 2478 Pisces
809 2418 1006 2477 caudarum
1039 2437 1058 2476 a
1091 2427 1195 2493 parte
1230 2417 1281 2475 lo·

1034 2524 1175 2573 cata....

195 2627 221 2655 20
313 2609 404 2669 Inde
426 2611 552 2685 Nepae
573 2628 701 2668 cernes
722 2619 873 2685 propter
893 2609 1070 2683 fulgentis
1091 2626 1244 2667 acumen

313 2706 426 2776 Aram,
448 2723 552 2780 quarn
573 2705 663 2763 flatu
684 2705 890 2780 permulcet
910 2703 1063 2778 spiritus
1084 2703 1214 2762 austri.

209 2829 212 2833 ’
234 2817 412 2891 Propterque
426 2817 589 2876 Centaurus

314 2927 422 2987 Cedit
437 2929 530 3003 Equi
551 2928 665 3004 partis
685 2946 882 3004 properans
903 2927 1126 3002 subiungere
1140 2925 1282 2987 Chelis.

314 3023 386 3082 Hic
420 3023 585 3083 dextram
619 3023 1038 3102 porgens,·quadrupes
1080 3041 1150 3098 qua
1182 3033 1284 3082 vasta

195 3151 237 3192 25.
264 3118 267 3126 '
1034 3127 1195 3192 tenetur,

312 3217 448 3278 Tendit
467 3226 502 3277 et
520 3218 712 3278 inlustrem
731 3217 964 3277 truculentus
983 3216 1084 3276 cedit
1102 3215 1147 3275 ad
1160 3218 1284 3291 Aram3

315 3308 386 3368 Hic
407 3328 486 3369 sese
507 3309 663 3369 internis
684 3327 701 3368 e
722 3309 890 3386 partibus
910 3308 1020 3384 erigit
1042 3306 1183 3384 Hydra,

235 3421 317 3479 cuius
331 3421 417 3498 longe
432 3441 538 3497 corpus
552 3433 596 3481 est
610 3422 715 3494 iusum,

316 3535 357 3591 In
378 3532 573 3609 medioque
595 3535 675 3592 sinu
696 3534 841 3609 fulgens
862 3535 1015 3602 Cratera
1034 3533 1191 3593 relucet.

197 3653 223 3692 30
316 3629 522 3687 Extremam
543 3630 664 3688 nitens
685 3629 848 3704 plumato
869 3646 1025 3702 corpore
1047 3630 1185 3687 Corvus

315 3725 444 3783 Rostro
465 3724 601 3796 tundit,
623 3732 658 3783 et
679 3724 739 3783 hic
759 3724 924 3783 Geminis
949 3733 1004 3781 est
1026 3724 1088 3781 ille
1109 3724 1174 3782 sub
1195 3724 1285 3800 ipsis

220 3819 224 3827 ’
315 3821 408 3879 Ante
427 3822 576 3893 Canem,
597 3819 764 3898 Προκύων
783 3820 894 3881 Graio
913 3819 974 3895 qui
995 3820 1141 3879 nomine
1158 3819 1285 3881 fertur.
