2932 4364
169 362 212 429 54
496 362 545 413 nr:
565 364 711 415 unauna
734 361 893 415 osonum.
1001 389 1002 392 π

161 520 198 576 'et
212 516 295 593 quasi
309 516 425 593 sanguis
440 516 511 592 quid
525 517 571 589 sit,
585 517 665 576 nullo
678 534 794 592 prorsus
811 515 903 574 modo
921 511 1070 593 intellego.
1112 515 1220 591 Neque

169 623 200 673 tu
221 631 269 672 me
291 613 378 686 celas,
394 622 428 672 ut
449 613 625 690 Pythagoras
645 613 758 672 solebat
778 611 898 685 alienos,
913 630 969 671 nec
990 611 1125 671 consulto
1146 611 1220 670 dicis

169 711 285 770 occulte
299 720 450 785 tamquam
465 710 641 782 Heraclitus,
657 709 709 769 sed
729 709 826 787 (quod
841 710 915 768 inter
933 727 988 768 nos
1009 708 1110 784 liceat)
1129 726 1168 766 ne
1189 718 1220 766 tu

127 789 161 898 {g
171 806 292 882 quidem
306 801 471 908 intellegis&
500 804 577 865 Illud
590 805 677 864 video
690 823 821 881 pugnare
836 815 874 877 te,
889 806 1002 882 species
1023 814 1056 864 ut
1075 803 1221 880 quaedam

170 904 208 963 sit
229 902 362 975 deorum,
385 919 460 977 quae
483 901 554 959 nihil
576 901 707 959 concreti
729 901 843 973 habeat,
866 901 937 959 nihil
959 899 1055 974 solidi,
1077 899 1149 958 nihil
1171 916 1253 957 ex-a

170 998 271 1077 pressi,
285 998 357 1057 nihil
376 997 541 1069 eminentis,
559 997 655 1073 sitque
675 1015 756 1073 pura,
778 997 857 1068 levis,
879 996 1042 1072 perlucida:
1080 996 1222 1055 Dicemus

172 1096 257 1171 igitur
279 1094 369 1166 idem,
389 1094 471 1169 quod
495 1095 526 1152 in
546 1095 662 1152 Venere
684 1092 766 1153 Coa:
793 1111 899 1169 corpus
920 1091 991 1151 illud
1011 1110 1072 1151 non
1093 1101 1146 1163 est,
1168 1091 1223 1150 sed

172 1192 265 1251 simile
279 1192 418 1267 corporis,
432 1209 490 1250 nec
506 1190 552 1250 ille
570 1191 649 1250 susus
670 1199 700 1249 et
720 1189 848 1249 candore
870 1190 976 1248 mixtus
996 1190 1084 1248 rubor
1104 1189 1222 1264 sanguis

173 1297 226 1360 est,
250 1287 304 1346 sed
328 1287 475 1362 quaedam
499 1287 645 1363 sanguinis
668 1284 845 1360 similitud03
874 1287 916 1345 sic
938 1286 969 1344 in
991 1286 1139 1362 Epicureo
1164 1284 1223 1343 deo

172 1403 233 1444 non
247 1403 301 1457 res,
316 1383 369 1444 sed
383 1371 584 1444 similitudines
604 1402 701 1443 rerum
722 1401 796 1443 esse.
838 1384 901 1448 Fac,
919 1381 960 1456 id,
976 1381 1060 1459 quod
1079 1400 1117 1441 ne
1139 1381 1222 1441 intel·
1237 1407 1262 1434 ιο

173 1483 228 1558 legi
251 1481 371 1558 quidem
393 1491 499 1558 potest,
521 1482 592 1541 mihi
612 1500 677 1541 esse
698 1500 888 1557 persuasum;
911 1479 989 1539 cedo
1009 1480 1082 1539 mihi
1102 1480 1224 1539 istorum

134 1596 160 1642 tt
173 1579 411 1639 adumbratorum
433 1577 556 1637 deorum
579 1578 747 1638 liniamenta
770 1589 859 1653 atque
882 1579 999 1637 formas.
1041 1578 1112 1636 Non
1139 1576 1225 1636 deest

173 1676 231 1734 hoc
252 1675 431 1750 lococopia
450 1669 732 1750 rationum‚'quibus
753 1673 861 1732 docere
881 1674 974 1732 velitis
995 1674 1137 1732 humanas
1158 1691 1223 1731 esse

172 1773 279 1830 lormas
293 1770 435 1843 deorum3
455 1769 680 1846 primumquod
699 1771 738 1830 ita
755 1771 791 1830 sit
811 1771 998 1830 informatum
1018 1770 1222 1846 anticipatum·

173 1887 228 1945 que
251 1867 398 1927 mentibus
421 1867 535 1939 nostris,
558 1876 590 1926 ut
611 1865 733 1940 homini,
755 1886 826 1927 cum
846 1866 887 1926 de
908 1866 967 1926 deo
989 1867 1110 1942 cogitet,
1130 1867 1224 1926 forma
1237 1891 1261 1931 ις

174 1973 308 2024 occurrat
321 1963 467 2036 humana;
488 1961 598 2021 deinde
612 1964 703 2039 quod,
718 1963 857 2039 quoniam
870 1963 956 2022 rebus
971 1963 1107 2022 omnibus
1127 1963 1223 2022 excel-

174 2063 214 2121 lat
234 2071 335 2120 natura
355 2059 461 2132 divina,
480 2060 575 2118 sorm'a
593 2061 715 2136 quoque
726 2061 799 2118 'esse
819 2059 1019 2136 pulcherrima
1034 2057 1151 2131 debeat,
1165 2076 1224 2118 nec

174 2176 239 2217 esse
267 2158 394 2216 humana
420 2156 522 2214 ullam·
535 2155 751 2231 pulchriorem3
779 2156 895 2215 tertiam
921 2156 1065 2214 rationem
1095 2154 1222 2228 adfertis,

136 2274 161 2318 rr
174 2252 255 2328 quod
269 2252 347 2310 nulla
360 2252 416 2310 alia
429 2251 520 2325 figura
536 2249 718 2310 domicilium
730 2252 844 2310 >mentis
864 2243 930 2310 esse
950 2251 1051 2325 possit.
1093 2251 1224 2308 Primum

151 2425 152 2430 η
174 2349 259 2424 igitur
282 2346 412 2424 quidque
433 2345 586 2404 considera
607 2347 692 2422 quale
714 2347 750 2406 sit
760 2367 769 2421 ;
798 2346 922 2421 arripere
942 2345 1022 2404 enim
1050 2344 1222 2404 mihi‘vide-
1236 2370 1262 2399 ao

174 2445 246 2504 mini
259 2442 341 2519 quasi
355 2452 450 2501 vestro
471 2441 538 2501 iure'
555 2460 618 2501 rem
641 2443 721 2502 nullo
744 2442 836 2502 modo
859 2442 1050 2517 probabilem.
1092 2441 1223 2502 Omnino

174 2541 239 2618 quis
258 2551 319 2598 tam
336 2557 442 2598 caecus
463 2538 493 2597 in
508 2538 749 2616 contemplandis
765 2538 851 2598 rebus
872 2555 1013 2613 umquam
1033 2537 1095 2610 suit,
1110 2547 1143 2596 ut
1162 2557 1224 2597 non

173 2637 285 2698 videret
308 2636 421 2713 species
445 2635 514 2695 istas
537 2635 691 2696 hominum
716 2637 846 2697 conlatas
873 2635 904 2695 in
931 2634 1005 2696 deos
1028 2645 1078 2695 aut
1101 2635 1224 2695 consilio

173 2735 304 2813 quodam
323 2735 506 2811 sapientium,
521 2752 581 2810 quo
601 2734 713 2795 facilius
733 2734 847 2794 animos
868 2733 1070 2810 imperitorum
1091 2732 1130 2793 ad
1151 2732 1223 2793 deo·

173 2853 237 2893 rum
255 2832 397 2891 cultum'a
410 2832 485 2890 vitae
506 2831 645 2909 pravitate
667 2840 878 2904 converterent,
893 2840 944 2890 aut
963 2831 1177 2906 superstitione,
1191 2841 1224 2891 ut
1237 2857 1261 2896 a,

174 2937 271 2988 essent
298 2929 459 3000 simulacra,
482 2946 558 3003 quae
578 2938 751 2988 venerantes
772 2927 846 2987 deos
866 2927 945 3003 ipsos
965 2945 998 2986 se
1018 2926 1100 2986 adire
1121 2927 1223 2987 crede·

174 3026 259 3085 rent?
298 3027 448 3084 Auxerunt
461 3033 560 3083 autem
574 3024 648 3083 haec
669 3023 776 3083 eadem
796 3025 912 3100 poetae,
926 3024 1064 3100 pictores,
1081 3023 1223 3100 opifices3

175 3122 328 3181 eratenim
342 3139 403 3180 non
416 3121 500 3180 facile
515 3121 626 3197 agentis
643 3119 753 3197 aliquid
766 3129 797 3180 et
811 3121 957 3180 molientis
971 3120 1049 3179 deos·
1059 3120 1090 3178 in
1103 3120 1224 3179 aliarum

174 3220 330 3279 formarum
354 3217 515 3277 imitatione
534 3235 656 3279 servare.
697 3202 830 3277 Accessit
854 3217 943 3277 etiam
967 3219 1022 3276 ista
1042 3217 1144 3294 opinio
1166 3217 1222 3277 lor·

174 3326 259 3390 tasse,
277 3313 358 3392 quod
379 3314 490 3374 homini
510 3313 629 3374 homine
649 3313 798 3391 pulchrius
818 3313 890 3373 nihil
909 3312 1071 3375 videbatur.
1113 3314 1172 3375 Sed
1192 3323 1223 3373 tu
1237 3345 1263 3383 30

175 3412 242 3485 hoc,
257 3411 386 3489 physice,
400 3428 461 3471 non
482 3410 573 3485 vides,
588 3429 678 3487 quam
697 3409 807 3470 blanda
826 3411 1007 3471 conciliatrix
1026 3421 1057 3471 et
1076 3411 1160 3488 quasi
1180 3411 1225 3470 sui

175 3510 211 3568 sit
231 3509 297 3568 lena
317 3509 439 3568 natura?
478 3510 533 3566 An*
545 3516 631 3584 putas
652 3507 740 3567 ullam
762 3526 826 3567 esse
849 3517 925 3567 terra
945 3508 1076 3584 marique
1097 3507 1224 3581 beluam,

175 3623 250 3682 quae
264 3623 325 3664 non
346 3605 389 3664 sui
410 3605 524 3682 generis
544 3604 632 3664 belua
650 3605 777 3664 maxime
798 3603 980 3665 delectetur?
1021 3604 1113 3681 Quod
1133 3605 1165 3664 ni
1185 3604 1225 3664 ita

175 3713 259 3775 esset,
274 3721 327 3760 cur
340 3719 400 3760 non
416 3701 540 3777 'gestiret‘
552 3710 650 3760 taurus
671 3718 765 3776 equae
785 3703 1027 3775 contrectatione,
1042 3720 1136 3777 equus
1156 3720 1223 3760 vac·

174 3800 249 3860 cae?
289 3800 336 3858 An
357 3807 390 3857 tu
413 3796 540 3873 aquilam
562 3805 612 3857 aut
631 3796 820 3858 leonem-aut
839 3796 1014 3874 delphinum
1033 3797 1122 3858 ullam
1142 3807 1224 3856 aute·
1237 3825 1262 3866 ³5
