2932 4364
171 404 213 466 34
500 401 550 450 uu
570 401 715 450 uarum
737 399 897 450 ursorum

136 555 291 620 saltemm
319 563 399 614 certe
426 572 488 613 non
514 563 621 630 potest,
644 561 676 612 ut
702 553 768 630 plus
795 571 855 610 una
880 571 948 611 vera
975 553 1021 613 sit.
1063 553 1132 630 Qua
1158 553 1222 631 qui·

170 652 240 711 dem
267 652 298 711 in
326 669 414 709 causa
440 659 470 709 et
496 650 648 709 benivolos
675 651 874 726 obiurgatores
892 651 1017 727 ‘placare
1045 659 1082 722 et,
1108 651 1222 710 invidos

170 750 379 824 vituperatores
415 747 563 804 confutare
598 764 762 820 possumus,
791 755 823 804 ut
859 747 964 806 alteros
998 747 1222 823 reprehendisse

170 844 326 919 paeniteat,
354 842 435 918 alteri
463 840 599 898 didicisse
631 858 662 898 se
690 841 954 916 gaudeant;·nam
983 843 1033 917 qui
1060 843 1246 912 admonent„

139 961 153 1001 a
172 940 275 1011 amice,
290 937 420 996 docendi
433 947 509 1008 sunt,
524 936 575 1011 qui
593 937 711 994 inimice
728 937 917 1010 insectantur,
931 938 1102 1014 repellendi.
1144 940 1221 998 Mul·
1242 959 1254 999 s

171 1046 234 1094 tum
248 1044 346 1093 autem
360 1034 474 1092 fluxisse
488 1031 575 1090 video
595 1031 633 1090 de
654 1032 732 1090 libris
753 1035 867 1105 nostris,
883 1051 957 1109 quos
971 1035 1129 1110 compluris
1143 1035 1223 1095 brevi

172 1142 305 1206 ternpore
326 1130 480 1200 edidimus,
501 1128 671 1202 variumque
692 1147 858 1187 sermonem
883 1131 988 1204 partim
1008 1130 1222 1203 admirantium,

171 1225 252 1285 unde
267 1225 324 1283 hoc
338 1223 564 1300 philosophandi
583 1223 668 1281 nobis
685 1224 782 1282 subito
799 1224 930 1283 studium
944 1226 1094 1298 extitisset,
1107 1227 1222 1301 partim,

172 1321 244 1397 quid
258 1338 374 1395 quaque
393 1319 431 1378 de
451 1338 483 1378 re
504 1320 575 1377 certi
596 1311 779 1390 haberemus,
793 1319 868 1377 scire
889 1320 1080 1394 cupientium.
1122 1321 1223 1379 Multis

172 1417 260 1474 etiam
274 1415 350 1474 sensi
364 1415 493 1475 mirabile
507 1414 599 1473 videri
613 1432 679 1472 eam
693 1414 779 1472 nobis
792 1414 977 1489 potissimum
992 1415 1144 1490 probatam
1159 1433 1223 1474 esse
1237 1438 1262 1465 ιο

172 1512 396 1589 philosophiam,
417 1529 493 1587 quae
513 1512 611 1570 lucem
633 1511 757 1586 eriperet
779 1519 809 1568 et
832 1510 914 1585 quasi
933 1521 1052 1569 noctem
1074 1512 1223 1586 quandam

172 1609 259 1670 rebus
272 1608 444 1681 offunderet,
459 1607 650 1682 desertaeque
665 1607 837 1682 disciplinae
855 1616 885 1664 et
904 1607 961 1665 iam
976 1605 1091 1681 pridem
1105 1608 1223 1666 relictae

172 1704 366 1781 patrocinium
380 1705 588 1779 necopinatum
603 1722 621 1761 a
636 1704 721 1761 nobis
740 1720 804 1760 esse
824 1713 1003 1777 susceptum.
1046 1703 1111 1761 Nos
1125 1713 1223 1762 autem

126 1854 153 1878 .·.
172 1819 230 1861 neo
258 1801 354 1860 subito
381 1801 534 1877 coepimus
561 1800 759 1877 philosophari
787 1817 843 1858 nec
872 1799 1054 1857 mediocrem
1082 1818 1100 1858 a
1126 1794 1229 1876 primo

172 1907 305 1976 tempore
322 1898 423 1957 aetatis
442 1898 472 1957 in
493 1915 530 1956 eo
551 1897 648 1957 studio
669 1915 789 1973 operam
810 1914 969 1973 curamque
987 1897 1223 1972 consumpsimus
1236 1916 1261 1956 ιε

173 2005 213 2069 et,
241 2014 309 2054 cum
336 1996 455 2054 minime
482 1994 661 2067 videbamur,
690 2005 752 2054 tum
780 1995 906 2053 maxime
935 1993 1223 2070 philosophabamur,

173 2093 256 2169 quod
277 2102 307 2150 et
329 2093 473 2150 orationes
495 2091 644 2150 declarant
664 2092 785 2150 refertae
810 2090 1052 2167 philosophorum
1073 2092 1223 2150 sententiis

173 2199 204 2247 et
225 2187 461 2246 doctissimorum
486 2186 638 2245 hominum
662 2187 875 2259 familiaritates,
899 2188 1005 2262 quibus
1030 2169 1147 2262 semper
1168 2187 1221 2246 do-

173 2301 238 2341 mus
251 2292 350 2340 nostra
370 2281 473 2351 floruit,
488 2289 518 2337 et
537 2281 684 2355 principes
704 2281 753 2352 illi,
769 2281 927 2352 Diodotus,
944 2280 1036 2352 Phile,
1050 2282 1221 2353 Antiochus,

140 2389 154 2434 t
173 2376 357 2447 Posidonius,
372 2394 390 2432 a
403 2375 508 2449 quibus
523 2374 643 2432 instituti
663 2392 772 2435 sumus.
815 2377 853 2434 Et
867 2376 892 2433 si
905 2376 1005 2433 omnia
1018 2376 1221 2451 philosophiae
1234 2403 1260 2430 ω

173 2479 330 2548 praecepta
355 2470 517 2528 referuntur
537 2468 576 2527 ad
597 2470 695 2540 vitam,
719 2471 889 2529 arbitramur
912 2488 967 2529 nos
991 2481 1021 2528 et
1045 2470 1169 2546 publicis
1193 2481 1223 2529 et

162 2567 289 2644 ‚privatis
310 2567 342 2625 in
362 2567 449 2625 rebus
472 2583 507 2623 ea
530 2566 714 2641 praestitisse,
736 2584 811 2642 quae
835 2567 908 2625 ratio
932 2576 962 2624 et
984 2565 1118 2624 doctrina
1138 2585 1223 2643 prae·

139 2663 326 2740 ascripserit,
367 2663 417 2722 Sin
438 2672 536 2720 autem
558 2662 623 2737 quis
642 2663 770 2738 requirit,
795 2681 872 2738 quae
892 2681 982 2722 causa
1002 2680 1056 2720 nos
1077 2662 1222 2737 inpulerit,

172 2769 205 2820 ut
218 2762 291 2818 haec
309 2769 370 2845 tqm
390 2776 455 2819 sero
475 2759 575 2818 litteris
596 2759 811 2831 mandaremus,
826 2758 899 2818 nihil
918 2768 972 2831 est,
987 2757 1069 2834 quod
1084 2758 1223 2834 expedire

172 2865 233 2915 tam
250 2856 333 2915 facile
346 2855 509 2932 possimus.
551 2856 630 2914 Nam
651 2873 720 2915 cum
741 2856 803 2914 otio
823 2856 1035 2930 langueremus,
1051 2863 1081 2914 et
1101 2854 1125 2913 is
1146 2865 1223 2914 esset
1235 2876 1261 2916 as

169 2952 215 3012 'rei
227 2953 363 3030 publicae
376 2960 475 3023 status,
490 2960 523 3011 ut
543 2970 609 3010 eam
629 2953 715 3011 unius
736 2951 858 3010 consilio
879 2959 968 3027 atque
987 2968 1056 3009 cura
1069 2951 1223 3026 gubernari

172 3066 294 3108 necesse
314 3057 400 3120 esset,
416 3047 543 3124 primum
564 3048 654 3123 ipsius
676 3048 717 3107 rei
739 3047 875 3124 publicae
897 3065 987 3105 causa
1008 3046 1223 3122 philosophiam

171 3145 277 3205 nostris
296 3144 462 3204 hominibus
483 3143 688 3220 explicandam
707 3144 807 3220 putavi
829 3143 927 3220 magni
948 3143 1115 3202 existimans
1134 3143 1222 3202 inter·

172 3259 237 3301 esse
258 3239 297 3300 ad
317 3240 409 3300 decus
431 3249 461 3300 et
484 3240 523 3299 ad
548 3240 666 3300 laudem
688 3241 811 3300 civitatis
834 3258 881 3300 res
905 3250 966 3299 tam
988 3240 1081 3316 gravis
1103 3250 1222 3318 tamque

140 3339 332 3415 spraeclaras
360 3337 469 3397 Latinis
497 3330 584 3397 etiam
602 3338 712 3396 litteris
739 3337 901 3411 contineri;
933 3354 1029 3412 eoque
1053 3355 1101 3397 me
1127 3337 1223 3397 minus
1236 3357 1262 3396 ³0

172 3434 293 3494 instituti
309 3435 367 3494 mei
388 3434 527 3510 paenitet,
548 3433 630 3509 quod
651 3434 735 3491 facile
757 3435 860 3505 sentio,
878 3452 967 3508 quam
990 3433 1145 3492 multorum
1161 3452 1223 3493 non

172 3531 263 3590 modo
278 3529 421 3602 discendi,
436 3529 593 3589 sedetiam
608 3529 755 3588 scribendi
769 3530 865 3588 studia
879 3530 1100 3591 commoverim.
1132 3530 1222 3591 Com·

172 3628 268 3703 plures
282 3627 360 3684 enim
382 3626 502 3685 Graecis
523 3619 751 3684 institutionibus
772 3619 877 3684 eruditi
898 3643 943 3696 ea,
958 3643 1034 3701 quae
1049 3625 1222 3697 didicerant,

172 3741 239 3780 cum
262 3721 373 3779 civibus
396 3721 454 3778 suis
475 3720 695 3778 communicare
717 3737 778 3779 non
800 3729 945 3795 poterant,
967 3719 1050 3795 quod
1072 3721 1127 3792 illa,
1146 3717 1223 3795 quae

171 3837 189 3878 a
210 3816 331 3876 Graecis
352 3815 545 3890 accepissent,
567 3815 670 3873 Latine
692 3813 751 3873 dici
772 3832 859 3891 posse
881 3814 1056 3875 diffiderent.
1100 3816 1169 3890 Quo
1190 3815 1220 3875 iu
1233 3835 1259 3876 as
