2932 4364
155 381 217 447 160
480 397 530 447 on
550 397 696 448 unauna
718 397 878 448 osonum.

151 550 233 626 Quid
260 553 353 628 ergo?
381 551 428 611 isti
452 548 523 624 aon,
547 549 641 627 quid?
664 550 828 625 machinae,
849 521 942 627 quan
965 552 1095 612 fallaciae
1123 571 1206 630 prae-

149 649 323 725 strigiaeque
347 668 418 707 num
441 650 504 708 sine
527 649 638 707 ratione
663 666 728 707 esse
752 650 931 724 potuerunt?
972 650 1000 710 Ο
1024 651 1207 726 praeclamm

149 762 256 804 munus
271 744 395 803 deorum
409 749 415 803 l
437 754 468 803 ut
483 744 622 803 Phormio
635 745 728 820 possit
742 744 860 831 dicere:

190 888 293 949 Cedo
321 907 447 948 senem
457 910 467 963 3
502 889 571 947 iam
599 890 777 948 instructa
803 899 887 948 sunt
915 891 961 949 mi
988 892 1025 948 in
1053 891 1165 950 corde

809 985 968 1044 consilia
990 987 1125 1046 omnia.
1225 1016 1238 1058 ς

106 1100 145 1210 {P
153 1131 211 1193 Sed
226 1151 363 1193 exeamus
378 1150 395 1193 e
410 1131 533 1203 theatro,
548 1132 699 1191 veniamus
714 1131 744 1190 in
759 1132 863 1192 sorum.
905 1133 1022 1192 Sessum
1041 1133 1063 1192 it
1081 1143 1204 1210 praetor.

151 1230 233 1306 Quid
253 1241 285 1290 ut
306 1228 470 1290 iudicetur?
512 1229 571 1304 Qui
586 1227 759 1288 tabularium
774 1229 947 1292 incenderit.
989 1230 1080 1305 Quod
1094 1231 1206 1291 lacinus

150 1328 314 1388 occultius?
355 1327 392 1386 ld
406 1345 437 1386 se
453 1326 491 1401 Q.
503 1326 611 1398 Sosius,
625 1325 797 1402 splendidus
812 1345 904 1402 eques
918 1329 1070 1386 Romanus
1085 1347 1122 1387 ex
1136 1348 1206 1405 agro

150 1426 270 1496 Piceno,
284 1426 387 1483 secisse
406 1424 557 1482 consessus
576 1433 629 1482 est.
671 1423 731 1497 Qui
751 1424 978 1499 transscripserit
998 1425 1110 1484 tabulas
1131 1427 1205 1501 pub-

149 1521 228 1581 licas.
270 1521 307 1580 Id
318 1539 436 1596 quoque
453 1521 486 1578 L.
498 1521 608 1577 Alenus
622 1519 700 1591 fecit,
712 1538 780 1578 cum
791 1519 1017 1596 chirographum
1032 1540 1084 1580 sex
1097 1523 1204 1597 primo·
1220 1550 1245 1578 ιο

148 1636 213 1674 rum
228 1618 354 1675 imitatus
368 1625 421 1674 est.
459 1615 541 1689 Quid
555 1615 614 1672 hoc
628 1615 748 1673 homine
762 1616 926 1674 sollertius?
964 1618 1121 1691 Cognosce
1135 1619 1205 1676 alias

149 1712 344 1787 quaestiones,
365 1710 426 1769 auri
455 1710 619 1789 Tolossani,
641 1711 850 1768 coniurationis
875 1712 1063 1785 Iugurthinae
1074 1733 1083 1785 ;
1104 1724 1205 1788 repete

149 1807 307 1883 superiora,
320 1806 428 1864 Tubuli
445 1804 483 1864 de
502 1805 630 1881 pecunia
648 1815 735 1880 capta
754 1804 872 1864 obrem
893 1807 1091 1880 iudicandam,
1106 1818 1203 1884 poste-

148 1905 234 1976 riora,
249 1902 287 1962 de
301 1904 415 1962 incestu
428 1903 579 1978 rogatione
600 1900 765 1974 Peducaea,
779 1911 842 1960 tum
857 1902 931 1961 haec
945 1903 1102 1977 cotidiana,
1116 1906 1204 1980 sicae,

149 2001 265 2073 veneni,
282 1999 443 2077 peculatus,
460 2007 700 2058 testamentorum
722 2000 810 2058 etiam
830 2000 895 2075 lege
916 2019 993 2059 nova
1009 2004 1204 2077 quaestiones.
1219 2021 1243 2061 ts

151 2098 227 2157 Inde
242 2098 290 2159 illa
302 2097 399 2156 actio:
421 2113 478 2156 oms
494 2112 689 2164 cousrurooun
706 2113 766 2158 auo
785 2114 907 2156 aunuum
924 2114 975 2157 aro
994 2115 1112 2159 sacrun
1129 2117 1204 2175 assa

151 2194 220 2254 inde
241 2204 285 2254 tot
305 2193 414 2253 iudicia
429 2192 468 2252 de
488 2192 548 2251 tide
567 2193 652 2265 mala,
668 2194 784 2265 tutelae,
800 2194 939 2268 mandati,
955 2214 1008 2272 pro
1022 2199 1114 2269 socio,
1129 2197 1203 2256 fidu-

150 2293 224 2364 ciae,
236 2292 354 2368 reliqua,
365 2308 441 2367 quae
456 2309 493 2348 ex
506 2299 609 2366 empto
620 2299 670 2348 aut
680 2290 801 2349 vendito
816 2301 865 2350 aut
879 2292 1030 2352 conducto
1044 2306 1094 2353 aut
1107 2294 1205 2354 locato

151 2400 253 2449 contra
263 2388 353 2448 fidem
364 2389 446 2461 fiunt,
458 2386 527 2447 inde
542 2387 683 2447 iudicium
695 2389 845 2465 publicum
855 2391 897 2449 rei
908 2391 1036 2472 privatae
1048 2391 1111 2468 lege
1123 2394 1204 2452 Plae-

150 2489 232 2560 toria,
251 2486 321 2547 inde
342 2487 533 2546 everriculum
554 2486 727 2544 malitiarum
749 2487 891 2559 omnium,
912 2488 1052 2547 iudicium
1074 2489 1112 2548 de
1134 2490 1204 2550 dolo
1217 2510 1243 2537 ω

150 2586 236 2659 ma10,
248 2584 329 2661 quod
344 2585 379 2644 C.
394 2584 544 2660 Aquillius,
559 2583 704 2642 familiaris
718 2595 825 2657 noster,
840 2586 977 2661 protulit;
998 2604 1088 2662 quem
1102 2587 1204 2649 dolum

150 2683 229 2742 idem
243 2683 384 2760 Aquillius
399 2692 461 2740 tum
475 2681 567 2740 teneri
585 2691 676 2757 putat,
692 2699 760 2740 cum
779 2681 858 2740 aliud
879 2684 916 2742 sit
937 2684 1111 2757 simulatum,
1126 2686 1205 2745 aliud

111 2795 137 2839 aa
150 2790 257 2838 actum.
300 2781 391 2837 Hanc
404 2779 490 2854 igitur
503 2787 615 2836 tantam
629 2778 703 2838 adis
717 2779 916 2837 inmortalibus
930 2780 1100 2840 arbitramur
1113 2785 1204 2841 malo·

149 2895 213 2934 rum
237 2875 393 2934 sementim
414 2891 478 2932 esse
500 2874 629 2933 saetam?
669 2875 698 2933 Si
719 2876 799 2933 enim
820 2875 963 2933 rationem
987 2876 1152 2937 hominibus
1174 2878 1204 2938 di

149 2971 304 3043 dederunt,
318 2971 458 3029 malitiam
472 2969 636 3042 dedemnt;
659 2980 703 3030 est
718 2972 797 3029 enim
812 2972 921 3030 malitia
935 2982 1049 3031 versuta
1069 2983 1099 3033 et
1120 2975 1205 3034 fallax
1218 2997 1242 3035 as

149 3069 223 3127 ratio
243 3066 373 3127 nocendi
383 3087 392 3140 3
414 3065 505 3125 iidem
524 3067 613 3125 etiam
628 3065 659 3125 di
677 3066 810 3126 fraudem
824 3066 979 3142 dederunt,
993 3070 1104 3130 facinus
1125 3083 1204 3131 cete·

149 3182 249 3241 taque,
264 3183 389 3240 quorum
410 3164 481 3221 nihil
502 3181 558 3221 nec
580 3164 687 3239 suscipi
708 3163 770 3222 sine
792 3164 905 3224 ratione
926 3183 983 3225 nec
1003 3165 1081 3227 effici
1096 3179 1203 3245 potest.

151 3261 334 3322 ‘Utinam'
349 3260 443 3338 igitur,
457 3270 490 3319 ut
504 3261 552 3318 illa
565 3278 637 3318 anus
652 3270 743 3336 optat,

599 3424 642 3465 ne
663 3406 699 3465 in
719 3425 867 3467 nemore
889 3411 991 3469 Pelio
1012 3413 1204 3473 securibus

191 3505 330 3564 Caesae
359 3503 591 3563 accidissent
618 3499 797 3578 abiegnae
829 3503 873 3562 ad
903 3505 1036 3564 terram
1066 3509 1242 3582 trabes,30

149 3665 192 3724 sic
211 3665 296 3723 istam
316 3663 504 3723 calliditatem
521 3663 688 3722 hominibus
703 3663 734 3722 di
747 3682 785 3722 ne
801 3663 971 3724 dedissent!
993 3685 1051 3741 qua
1064 3671 1203 3744 perpauci
1264 3736 1266 3740 7

149 3762 226 3819 bene
242 3769 368 3830 utuntur,
384 3778 434 3834 qur
452 3769 550 3818 tamen
572 3759 627 3833 ipsi
648 3777 735 3834 saepe
750 3777 768 3816 a
782 3761 857 3818 male
872 3762 1019 3820 utentibus
1034 3766 1202 3839 opprimun-

149 3866 204 3929 tur,
218 3855 443 3915 innumerabiles
463 3863 563 3914 autem
584 3855 717 3930 improbe
738 3863 866 3928 utuntur,
881 3865 913 3916 ut
926 3855 1039 3916 donum
1058 3859 1117 3918 hoc
1130 3859 1202 3920 divi·
