2932 4364
408 364 473 413 ura.
486 366 522 413 11.
555 365 617 435 cn,
634 366 920 426 xxxv111,xxx1x.
954 369 1079 432 §595-99
1213 370 1274 435 109

221 535 306 577 orum
327 517 437 593 ignium
460 518 596 577 finitimas
620 519 753 595 regiones
776 520 981 579 obscuravisse
998 520 1142 594 dicuntur,
1166 529 1199 580 ut
1216 539 1275 598 per

222 613 346 673 biduum
363 631 452 672 nemo
466 613 619 673 hominem
632 616 723 674 homo
737 625 917 691 agnosceret,
933 636 1001 675 cum
1014 611 1113 676 autem
1127 617 1211 676 tertio
1225 616 1274 676 die

223 711 267 768 sol
293 710 451 783 inluxisset,
473 720 535 769 tum
562 720 595 769 ut
618 711 755 770 revixisse
779 711 834 770 sibi
848 711 1033 771 viderentur.
1075 712 1190 788 Quodsi
1217 713 1275 772 hoc

222 805 303 864 idem
316 824 354 864 ex
368 808 492 865 aeternis
506 807 633 866 tenebris
647 808 839 883 contingeret,
854 816 886 866 ut
900 809 996 866 subito
1016 808 1111 867 lucem
1132 796 1275 884 aspicere·

191 917 296 973 smus,
319 922 464 979 quaenam
485 904 599 978 species
620 902 694 962 caeli
714 903 881 963 videretur?
921 903 980 963 Sed
1004 904 1179 963 adsiduitate
1204 906 1275 964 coti-

224 998 312 1058 diana
346 1009 376 1057 et
392 1064 394 1069 ,
410 998 622 1058 consuetudine
657 999 808 1058 oculorum
842 998 1021 1058 adsuescunt
1053 1000 1144 1059 animi
1179 1019 1275 1076 neque

223 1095 402 1155 admirantur
415 1115 512 1172 neque
526 1096 676 1172 requirunt
684 1095 814 1162 rationes
836 1114 936 1154 earum
955 1114 1061 1168 rerum,
1076 1114 1148 1172 quas
1162 1115 1277 1173 semper

223 1193 333 1264 vident,
347 1193 471 1269 proinde
486 1193 568 1269 quasi
582 1192 694 1251 novitas
708 1210 763 1251 nos
782 1193 873 1268 magis
887 1211 975 1269 quam
997 1192 1168 1269 magnitudo
1180 1212 1276 1252 rerum

225 1289 332 1348 debeat
345 1288 385 1346 ad
405 1288 599 1365 exquirendas
613 1307 715 1347 causas
729 1289 866 1348 excitare.
909 1290 982 1363 Quis
997 1289 1076 1348 enim
1089 1288 1168 1347 hunc
1182 1274 1274 1348 homi·
1288 1302 1314 1348 nt

188 1403 213 1431 10
225 1403 295 1442 nem
308 1383 421 1456 dixerit,
433 1384 483 1458 qui
496 1403 565 1441 cum
579 1393 640 1442 tam
653 1394 749 1443 certos
763 1384 836 1443 caeli
850 1394 955 1455 motus,
970 1393 1031 1443 tam
1044 1396 1121 1444 ratos
1135 1395 1276 1444 astromm

225 1479 343 1539 ordines
356 1489 476 1555 tamque
490 1480 565 1538 inter
578 1498 609 1539 se
624 1480 724 1538 omnia
744 1499 858 1540 conexa
878 1489 908 1540 et
928 1489 998 1556 apta
1011 1480 1127 1557 viderit,-
1138 1488 1226 1557 neget
1245 1480 1277 1540 in

225 1576 269 1636 his
286 1562 380 1635 ullam
396 1576 491 1636 inesse
513 1577 657 1636 rationem
679 1595 773 1655 eaque
784 1596 865 1655 ,casu
888 1577 951 1637 fieri
974 1577 1153 1654 dicat-quae
1166 1588 1277 1656 quanto

226 1675 348 1732 consilio
371 1684 515 1750 gerantur,
530 1674 609 1734 nullo
632 1674 755 1734 consilio
777 1674 900 1753 adsequi
921 1677 1098 1752 possumus?
1137 1676 1193 1749 An,
1208 1675 1307 1734 cum‘l

226 1770 441 1830 machinatione
456 1770 584 1847 quadam
605 1771 716 1832 moveri
735 1771 845 1848 aliquid
861 1770 1003 1844 videmus,
1017 1782 1049 1830 nt
1069 1772 1232 1848 sphaeram,
1246 1780 1279 1831 ut
1325 1761 1326 1764 ¹

189 1889 213 1929 ιε
227 1867 321 1940 horas,
336 1877 368 1926 ut
380 1868 437 1926 alia
449 1867 603 1943 permulta,
617 1887 679 1928 uon
693 1867 869 1943 dubitamus,
883 1869 955 1944 quin
975 1869 1024 1927 illa
1045 1886 1136 1944 opera
1156 1868 1221 1928 sint
1234 1887 1278 1927 ra-

212 1965 313 2022 tionis
325 1984 334 2036 ς
365 1981 434 2022 cum
460 1974 560 2023 autem
587 1965 730 2040 impetum
753 1964 827 2023 caeli
851 1984 920 2023 cum
943 1963 1107 2024 admirabili
1130 1964 1278 2023 celeritate

227 2060 337 2118 moveri
349 2060 487 2134 vertique
509 2058 661 2118 videamus
683 2060 917 2132 constantissime
939 2060 1147 2118 conficientem
1168 2045 1277 2118 vicissi-

227 2154 343 2213 tudines
358 2155 566 2213 anniversarias
580 2173 650 2214 cum
664 2173 779 2214 summa
798 2155 889 2213 salute
904 2163 934 2214 et
948 2155 1169 2223 conservatione
1182 2173 1279 2213 rerum

227 2251 368 2323 omnium,
383 2249 560 2324 dubitamus,
574 2251 645 2326 quin
659 2269 696 2310 ea
708 2269 770 2311 non
784 2249 879 2310 solum
897 2250 1009 2309 ratione
1029 2251 1109 2323 fiant,
1123 2249 1279 2308 sedetiam

189 2369 216 2400 ω
228 2347 381 2405 excellenti
394 2347 551 2423 divinaque
566 2348 699 2406 ratione?
718 2347 788 2406 licet
808 2346 888 2406 enirn
910 2347 969 2405 iam
989 2354 1103 2405 remota
1124 2330 1337 2430 subtilitate&

227 2442 397 2518 disputandi
422 2443 515 2503 oculis
539 2443 670 2520 quodam
689 2437 800 2519 'ruodo'
816 2442 1008 2518 contemplari
1034 2441 1280 2518 pulchritudinem
1313 2439 1327 2495 ‘l'

227 2556 323 2597 rerum
342 2557 450 2610 earum,
471 2558 543 2616 quas
563 2539 662 2599 divina
680 2540 865 2618 providentia
884 2539 1010 2599 dicimus
1029 2538 1210 2599 constitutas.
1233 2556 1235 2559 ·

267 2638 311 2695 Ac
332 2635 476 2712 principio
496 2644 573 2695 terra
591 2637 726 2697 universa
747 2646 889 2710 cematur,
911 2637 1008 2695 locata
1029 2635 1061 2694 in
1084 2633 1184 2694 media
1206 2635 1277 2695 sede
1285 2644 1323 2700 89

227 2731 338 2803 mundi,
354 2731 448 2790 solida
468 2740 499 2791 et
518 2733 641 2808 globosa
660 2742 690 2793 et
710 2734 841 2810 undique
862 2733 926 2809 ipsa
946 2732 977 2791 in
997 2749 1062 2791 sese
1083 2732 1200 2791 nutibus
1221 2732 1279 2792 suis

190 2849 215 2890 as
228 2827 411 2904 conglobata,
425 2827 530 2887 vestita
549 2828 679 2908 floribus,
695 2828 803 2901 herbis,
818 2829 978 2901 arboribus,
997 2828 1134 2904 strigibus,
1155 2846 1280 2903 quorum
1325 2908 1330 2914 ι

228 2924 359 2983 omnium
377 2923 555 2984 incredibilis
576 2925 732 2985 multitudo
753 2925 907 3008 insatiabili
927 2925 1064 2984 varietate
1085 2923 1279 3000 distinguitur.
1292 2927 1340 2991 ‘lp'

227 3019 315 3079 Adde
330 3020 387 3079 huc
401 3021 525 3080 sontium
538 3020 650 3097 gelidas
664 3021 871 3097 perennitates,
887 3021 1014 3096 liquores
1032 3018 1198 3095 perlucidos
1218 3005 1348 3088 aalys?

228 3117 317 3188 nium,
332 3118 458 3194 riparum
471 3119 591 3176 vestitus
605 3117 802 3190 viridissimos,
824 3117 1039 3193 speluncarum.
1051 3133 1196 3174 concavas
1217 3115 1279 3176 alti·
1324 3156 1327 3161 -

229 3214 353 3287 tudines,
381 3233 517 3273 saxorum
544 3215 721 3290 asperitates,
749 3203 973 3291 inpendentium
1008 3198 1151 3271 montium
1185 3211 1278 3271 altitu·

191 3339 216 3379 ³0
229 3312 313 3373 dines
334 3313 590 3390 inmensitatesque
611 3331 782 3390 campomm
792 3331 801 3387 3
823 3311 902 3372 adde
922 3311 1011 3371 etiam
1031 3307 1197 3390 reconditas
1219 3309 1280 3369 auri

229 3411 398 3488 argentique
422 3430 511 3470 venas
535 3410 736 3487 infinitamque
759 3411 819 3469 vim
843 3409 1003 3470 marmoris.
1047 3409 1133 3485 Quae
1156 3425 1226 3466 vero
1250 3416 1318 3469 etas

228 3526 317 3583 quam
340 3508 418 3565 varia
446 3526 555 3584 genera
581 3508 737 3567 bestiarum
760 3507 807 3566 vel
835 3507 965 3566 cicurum
988 3506 1034 3565 vel
1058 3506 1201 3564 ferarum!
1229 3504 1279 3579 qui

229 3603 388 3662 volucrium
409 3604 504 3680 lapsus
519 3614 606 3679 atque
620 3613 723 3663 cantus
736 3606 742 3662 1
764 3603 813 3679 qui
828 3602 977 3679 pecudum
991 3604 1110 3678 pastus!
1132 3619 1206 3677 quae
1220 3601 1280 3658 vita

230 3699 419 3759 silvestrium!
462 3700 543 3775 Quid
561 3701 620 3759 iam
640 3699 678 3759 de
700 3700 852 3761 hominum
872 3703 978 3775 gener‘e
993 3698 1112 3758 dicam?
1127 3687 1181 3773 'qui
1196 3696 1278 3773 quasi

193 3820 218 3859 rs
231 3796 355 3855 cultores
382 3805 474 3855 terrae
502 3797 651 3857 constituti
678 3816 740 3857 non
763 3796 911 3879 patiuntur
934 3813 1001 3854 eam
1024 3813 1082 3853 nec
1108 3793 1277 3852 inmanitate
