2932 4364
179 400 241 463 144
504 396 553 447 ΒΕ
573 396 719 448 NATURA
742 397 901 448 DEORUM.

176 551 278 628 Quid?
299 560 397 612 aestus
416 550 552 610 maritimi
565 551 612 611 vel
633 551 846 628 Hispanienses
864 553 911 612 vel
932 552 1091 615 Britannici
1112 573 1193 616 eon„
1213 592 1228 614 .·

174 669 233 727 que
252 649 339 709 certis
358 649 539 725 temporibus
559 649 606 708 vel
627 668 763 709 accessus
783 651 829 709 vel
850 669 982 711 recessus
1001 652 1064 711 sine
1086 653 1145 712 deo
1165 655 1228 715 fieri

118 777 121 786 ·
175 767 236 807 non
256 749 400 824 possunt?
439 746 526 820 Vide,
544 765 663 822 quaeso,
681 748 705 806 si
727 748 823 806 omnis
844 759 942 808 motus
962 751 1130 826 omniaque,
1151 771 1228 828 quae

175 847 261 904 certis
279 844 461 920 temporibus
480 843 614 902 ordinem
631 863 716 902 suum
731 855 913 918 conservant,
928 844 1027 905 diviua
1041 847 1175 921 dicimus,
1189 867 1228 908 ne

174 943 310 1001 tertianas
325 959 443 1017 quoque
459 940 553 998 febres
569 950 598 997 et
613 950 767 1016 quartanas
784 941 897 1001 divinas
917 961 981 1001 esse
1000 943 1161 1003 dicendum
1182 946 1226 1017 sit,
1246 963 1259 1003 s

174 1058 299 1116 quarum
316 1038 482 1098 reversione
502 1047 532 1096 et
550 1047 633 1096 motu
650 1036 722 1114 quid
736 1048 834 1114 potest
848 1057 912 1098 esse
927 1041 1128 1101 constantius?
1169 1040 1229 1102 Sed

135 1159 161 1198 aa
174 1138 307 1196 omnium
320 1136 421 1196 talium
435 1154 531 1194 rerum
545 1135 617 1194 ratio
631 1135 785 1195 reddenda
799 1147 851 1197 est.
884 1139 976 1213 Quod
985 1157 1038 1198 vos
1052 1158 1120 1199 cum
1131 1141 1227 1199 facere

173 1255 234 1295 non
248 1235 379 1312 potestis,
394 1244 543 1309 tamquam
558 1234 588 1291 in
602 1252 681 1291 aram
696 1234 851 1310 confugitis
866 1234 904 1294 ad
918 1235 1018 1295 deum.

215 1335 254 1391 Et
269 1331 449 1408 Chrysippus
463 1331 515 1388 tibi
534 1340 618 1388 acute
644 1329 744 1388 dicere
764 1330 925 1403 videbatur,
940 1332 1031 1391 homo
1052 1333 1115 1392 sine
1135 1333 1227 1393 dubio

173 1440 304 1489 versutus
333 1438 361 1486 et
390 1425 511 1485 callidus
541 1428 686 1504 (versutos
714 1444 766 1484 eos
792 1428 918 1502 appello,
942 1446 1067 1503 quorum
1095 1431 1228 1489 celeriter
1242 1456 1266 1484 ιο

175 1545 258 1585 mens
272 1535 408 1597 versatur,
423 1522 545 1581 callidos
563 1533 671 1595 autem,
685 1541 820 1599 quorum,
835 1533 986 1597 tamquam
1004 1545 1108 1585 manus
1127 1545 1226 1602 opere,

174 1624 216 1681 sic
237 1623 351 1680 animus
372 1639 427 1678 usu
448 1618 645 1693 concalluit);
668 1619 692 1677 is
710 1619 812 1694 igitur:
839 1619 887 1677 ‘Si
907 1620 1018 1695 aliquid
1038 1632 1082 1679 est
1092 1624 1109 1693 ’,
1124 1623 1226 1698 inquit,

175 1716 273 1794 ‘quod
296 1717 387 1775 homo
409 1715 526 1772 efficere
547 1732 608 1771 non
626 1715 728 1789 possit,
749 1714 799 1788 qui
820 1713 852 1772 id
874 1715 971 1787 efficit,
986 1718 1089 1775 melior
1109 1729 1153 1775 est
1173 1718 1226 1776 ho·

174 1816 271 1886 mine3
297 1813 389 1872 homo
412 1821 511 1870 autem
532 1811 616 1881 haec,
640 1828 715 1886 quae
737 1811 768 1869 in
790 1811 904 1870 mundo
926 1823 1002 1886 sunt,
1026 1815 1143 1873 efficere
1165 1834 1226 1874 non

174 1922 290 1990 potest3
318 1909 369 1986 qui
393 1908 489 1984 potuit
512 1907 606 1984 igitur,
631 1907 654 1965 is
678 1917 806 1983 praestat
830 1907 942 1967 homini
953 1931 962 1981 ;
984 1911 1102 1970 homini
1126 1923 1225 1971 autem
1240 1933 1264 1972 ις

174 2019 320 2087 praestare
342 2006 407 2082 quis
428 2004 520 2081 possit
539 2003 595 2062 nisi
609 2003 704 2063 deus?
724 2014 768 2063 est
782 2005 867 2080 igitur
886 2005 978 2065 deus’
1022 2010 1108 2066 Haec
1127 2011 1227 2087 omnia

135 2127 161 2167 sa
173 2107 204 2166 in
225 2105 342 2176 eodem,
364 2121 424 2177 quo
445 2101 493 2159 illa
516 2101 650 2173 Zenonis,
672 2118 767 2160 errore
788 2113 946 2163 versantur.
965 2145 968 2149 -
988 2104 1069 2178 Quid
1090 2107 1170 2164 enim
1190 2108 1226 2165 sit

173 2203 285 2273 melius,
300 2198 373 2275 quid
387 2197 595 2274 praestabilius,
609 2196 682 2272 quid
699 2197 774 2256 inter
787 2209 920 2257 naturam
934 2208 964 2257 et
980 2202 1122 2259 rationem
1138 2203 1224 2261 inter·

173 2299 219 2370 sit,
240 2315 301 2356 non
322 2294 514 2370 distinguitur.
557 2291 712 2368 Idemque,
727 2294 752 2351 si
772 2293 821 2351 dei
842 2312 903 2352 non
924 2295 990 2368 sint,
1005 2307 1093 2372 negat
1114 2316 1177 2356 esse
1196 2299 1225 2357 in

173 2395 254 2453 omni
274 2401 377 2451 natura
393 2390 552 2466 quicquam
565 2388 686 2446 homine
701 2390 823 2463 melius;
846 2390 877 2448 id
891 2402 990 2449 autem
1004 2404 1107 2468 putare
1122 2413 1222 2469 quem·
1237 2424 1263 2451 ω

172 2510 263 2568 quam
276 2488 436 2559 hominem,
451 2485 522 2544 nihil
536 2485 735 2544 homine'esse
754 2487 865 2558 melius,
880 2506 1014 2546 summae
1035 2489 1223 2566 adrogantiae

173 2597 275 2646 censet
288 2604 361 2644 esse.
404 2584 446 2642 Sit
462 2600 532 2640 sane
552 2581 720 2658 adrogantis
741 2583 830 2658 pluris
851 2602 882 2642 se
904 2594 1007 2660 putare
1028 2604 1119 2661 quam
1139 2607 1223 2646 mun·

172 2686 264 2757 dum3
285 2693 315 2742 at
329 2680 399 2741 illud
414 2699 475 2738 non
489 2679 582 2738 modo
600 2697 662 2738 uon
680 2678 856 2756 adrogantis,
872 2680 926 2739 sed
944 2683 1041 2758 potius
1062 2684 1222 2760 prudentis,

172 2783 338 2857 intellegere
353 2797 384 2837 se
399 2778 506 2836 hahere
521 2795 640 2835 sensum
654 2785 684 2834 et
699 2777 852 2850 rationem,
868 2778 942 2836 haec
959 2779 1067 2838 eadem
1081 2781 1223 2841 Orionem

171 2890 201 2939 et
215 2877 388 2938 Caniculam
402 2893 463 2932 non
477 2874 594 2932 habere.
636 2875 693 2933 Et:
717 2875 765 2933 ‘Si
782 2872 889 2933 domus
909 2875 1033 2950 pulchra
1052 2877 1097 2949 sit,
1113 2877 1222 2936 intelle·
1237 2903 1261 2941 ²5

167 2969 272 3051 ¹gamus
294 2991 359 3030 eam
380 2970 508 3028 dominis
516 2971 533 3041 ',
553 2969 655 3043 inquit,
677 2969 882 3027 ‘aedificatam
904 2988 977 3043 esse,
992 2990 1054 3030 non
1075 2974 1204 3032 muribus
1215 2995 1223 3046 ;

171 3073 213 3131 sic
233 3071 319 3146 igitur
340 3066 484 3126 mundum
506 3064 629 3123 deorum
648 3064 772 3123 domum
792 3066 956 3124 existimare
973 3066 1136 3128 debemus·
1179 3071 1225 3128 Ita

171 3186 287 3246 pmrsus
309 3163 515 3232 existimarem,
530 3161 554 3219 si
575 3160 654 3218 illum
675 3161 862 3219 aedificatum
883 3180 957 3234 esse,
977 3181 1038 3220 non
1062 3163 1223 3241 (quemad

171 3262 295 3324 modum
309 3258 442 3336 docebo)
462 3277 480 3316 a
493 3268 596 3316 natura
608 3257 823 3316 conformatum
838 3269 981 3334 putarem.

128 3347 163 3453 ¹37¹
211 3362 250 3418 At
264 3359 342 3417 enim
356 3356 469 3433 quaerit
488 3353 567 3430 apud
586 3354 814 3431 Xenophontem
835 3356 977 3426 Socrates,
993 3357 1072 3416 unde
1092 3360 1222 3418 animum
1235 3381 1262 3418 so

170 3457 383 3533 arripuerimus,
398 3453 422 3512 si
442 3452 538 3511 nullus
559 3451 645 3510 suerit
665 3451 695 3509 in
716 3450 838 3511 mundo.
881 3454 920 3510 Et
938 3471 993 3528 ego
1008 3472 1127 3529 quaero,
1143 3456 1222 3514 unde

170 3554 342 3625 orationem,
361 3550 442 3609 unde
462 3566 609 3621 numeros,
630 3548 709 3606 unde
726 3558 849 3622 cantus,
871 3549 927 3606 nisi
940 3568 1010 3608 vero
1029 3549 1108 3627 loqui
1129 3552 1221 3611 solem

169 3669 238 3709 cum
253 3650 322 3707 luna
342 3658 487 3724 putamus,
502 3665 571 3704 cum
588 3645 706 3720 propius
727 3645 892 3716 accesserit,
908 3657 957 3704 aut
976 3646 1016 3704 ad
1040 3648 1222 3707 harmoniam

171 3763 275 3805 canere
299 3742 451 3813 muudum,
473 3751 505 3800 ut
527 3740 703 3815 Pythagoras
724 3741 878 3814 existimat.
921 3743 1050 3801 Naturae
1072 3744 1221 3816 istasunt,

170 3843 269 3913 Balbe,
290 3848 410 3897 naturae
431 3854 493 3895 non
513 3835 667 3894 artificiose
689 3835 871 3908 ambulantis,
892 3845 925 3897 ut
947 3837 987 3896 ait
1008 3839 1098 3911 Zeno,
1125 3839 1222 3917 (quod
1234 3862 1259 3903 ss
