2932 4364
186 354 230 433 64
334 415 336 421 ,
514 367 563 417 on
583 368 730 418 uarum
752 368 912 418 ononun.

142 531 285 581 rotantem
299 520 457 581 adventum
472 521 502 579 in
516 520 630 579 animos
651 529 681 579 et
701 520 850 579 introitum
871 521 1030 596 imaginum
1051 520 1166 580 dicitis·
1197 522 1240 581 Ut

186 621 232 678 Ti.
247 619 416 678 Gracchum
430 637 499 677 cum
513 617 616 676 videor
629 617 850 675 contionantem
865 617 894 675 in
915 617 1061 700 Capitolio
1082 618 1180 676 videre
1201 617 1240 676 de

187 719 231 775 M.
251 717 375 775 Octavio
397 715 578 772 deserentem
600 714 732 784 sitellam,
753 722 815 770 tum
837 716 906 771 eum
927 723 1040 771 motum
1061 714 1150 771 animi
1171 714 1240 773 dico

188 830 251 870 esse
267 813 394 881 inanem,
405 819 438 867 tu
452 820 551 867 autem
566 819 595 867 et
610 808 738 866 Gracchi
752 818 781 866 et
796 809 912 867 Octavii
926 809 1066 883 imagines
1080 826 1240 879 remanere,

188 925 273 981 quae,
294 907 324 964 in
345 905 523 979 Capitolium
544 923 614 961 cum
634 904 825 978 pervenerim,
846 912 910 962 tum
931 903 969 961 ad
991 905 1120 961 animum
1141 922 1240 961 meum
1260 928 1272 966 s

187 1003 365 1074 reserantur3
386 1001 444 1058 hoc
467 998 630 1064 idemfieri
648 998 764 1070 indeo,
783 999 866 1056 cuius
884 999 984 1057 crebra
1004 999 1079 1056 facie
1099 998 1242 1074 pellantur

144 1099 287 1170 unanimi,
315 1116 353 1155 ex
380 1115 440 1173 quo
468 1113 532 1154 esse
560 1095 639 1153 beati
666 1106 755 1169 atque
782 1095 894 1153 aeterni
920 1095 1130 1169 intellegantur.
1181 1096 1240 1153 Fac

188 1195 327 1268 imagines
362 1210 435 1264 esse,
469 1193 576 1267 quibus
611 1191 762 1266 pulsentur
798 1191 888 1249 animi
899 1211 908 1264 ;
937 1191 1051 1266 species
1090 1191 1240 1249 dumtaxat

156 1290 158 1295 ’
188 1289 313 1348 obicitur
332 1288 480 1364 quaedam
490 1309 499 1362 ;
521 1307 592 1346 num
612 1288 709 1360 etiam,
729 1305 782 1345 cur
805 1305 841 1345 ea
861 1287 948 1345 beata
967 1287 1011 1359 sit,
1032 1305 1084 1344 eur
1104 1288 1241 1346 aeterna?

189 1386 273 1458 Quae
294 1395 393 1443 autem
413 1385 486 1443 istae
508 1384 648 1458 imagines
671 1394 783 1441 vestrae
810 1393 860 1440 aut
880 1382 981 1441 unde?
1022 1385 1048 1441 A
1069 1383 1241 1440 Democrito
1255 1406 1280 1433 ιο

189 1483 309 1540 omnino
324 1482 399 1540 haec
411 1481 547 1553 licentia;
569 1479 623 1539 sed
637 1489 667 1538 et
681 1480 727 1537 ille
741 1478 935 1554 reprehensus
955 1498 973 1538 a
994 1479 1090 1537 multis
1111 1489 1163 1551 est,
1185 1498 1240 1537 nec

188 1596 241 1637 vos
264 1579 373 1637 exitum
397 1578 537 1653 reperitis,
560 1586 679 1652 totaque
704 1595 749 1634 res
774 1577 889 1634 vacillat
913 1586 942 1634 et
966 1575 1119 1634 claudicat.
1162 1577 1240 1634 Nam

188 1674 261 1749 quid
288 1683 341 1746 est,
368 1674 450 1748 quod
476 1674 570 1730 minus
597 1673 713 1747 probari
738 1673 839 1748 possit,
867 1692 956 1747 quam
982 1673 1114 1730 omnium
1139 1673 1169 1729 in
1192 1690 1240 1729 me

188 1770 318 1830 incidere
338 1761 488 1846 imagines,
511 1769 645 1841 Homeri,
659 1768 836 1850 Archilochi,
853 1768 980 1841 Romuli,
997 1769 1122 1839 Numae,
1137 1768 1261 1844 Pytha--

189 1885 286 1945 gorae,
301 1867 437 1939 Platonis,
451 1884 509 1925 nec
523 1883 558 1924 ea
571 1866 672 1938 forma,
687 1865 746 1941 qua
764 1866 803 1924 illi
824 1866 960 1950 fuerunt?
1001 1865 1070 1940 Quo
1090 1864 1181 1924 modo
1202 1865 1241 1940 illi
1256 1885 1279 1923 ¹⁵

191 1966 281 2041 ergo?
301 1973 331 2024 et
351 1982 476 2040 quorum
496 1963 659 2039 imagines?
708 1963 862 2038 Orpheum
882 1951 1001 2038 poitam
1022 1963 1111 2021 docet
1132 1963 1241 2021 Aristo·

189 2062 271 2121 teles·
293 2066 454 2138 nimquam
478 2061 579 2133 luisse,
602 2069 632 2119 et
656 2059 714 2119 hoc
739 2059 903 2135 Orphicum
927 2077 1046 2132 carmen
1069 2060 1242 2136 Pythagorei

191 2160 287 2218 serunt
310 2158 461 2217 cuiusdam
485 2157 572 2216 inisse
597 2157 747 2231 Cercopis.
789 2159 828 2214 At
851 2156 997 2231 Orpheus,
1023 2155 1054 2215 id
1078 2166 1121 2215 est
1144 2157 1241 2232 imago

146 2255 263 2326 roseius,
285 2265 318 2313 ut
340 2273 393 2313 vos
416 2253 509 2324 vultis,
537 2253 567 2311 in
592 2253 722 2311 animum
744 2271 845 2311 meum
869 2270 956 2328 saepe
981 2252 1109 2311 incurrit.
1151 2252 1241 2327 Quid,

192 2351 274 2426 quod
298 2351 429 2409 eiusdem
454 2349 578 2408 hominis
602 2350 632 2407 in
657 2367 758 2407 meum
780 2350 862 2422 aliae,
888 2349 960 2408 aliae
984 2349 1014 2407 in
1035 2350 1139 2408 tuum?
1158 2348 1241 2423 quid,
1255 2373 1280 2400 ιο

191 2447 273 2521 quod
287 2465 385 2504 earum
399 2463 505 2516 rerum,
520 2463 595 2520 quae
609 2463 770 2520 numquam
784 2446 906 2503 omnino
924 2445 1039 2503 fuerunt
1059 2461 1156 2520 neque
1178 2462 1241 2502 esse

191 2551 357 2620 potuerunt,
381 2551 414 2600 ut
437 2543 558 2617 Scyllae,
582 2551 615 2600 ut
639 2541 834 2607 Chimaerae?
865 2541 946 2616 quid,
972 2540 1053 2616 quod
1078 2541 1240 2613 hominum,

192 2643 333 2715 locorum,
347 2643 462 2702 urbium
483 2661 591 2714 earum,
606 2661 678 2717 quas
699 2660 861 2717 numquam
881 2642 1028 2701 vidimus?
1048 2640 1129 2717 quid,
1150 2641 1240 2718 quod,

192 2740 277 2798 simul
300 2757 336 2797 ac
360 2740 432 2799 mihi
453 2739 613 2800 collibitum
636 2749 689 2810 est,
712 2749 827 2814 praesto
849 2748 894 2797 est
917 2739 1036 2814 imago?
1055 2739 1137 2814 quid,
1161 2738 1242 2814 quod

192 2833 281 2892 etiam
310 2833 350 2892 ad
380 2834 575 2892 dormientem
596 2835 716 2892 veniunt
746 2835 921 2893 invocatae?
959 2836 1037 2893 Tota
1057 2853 1112 2908 res,
1139 2835 1240 2906 Vellei,
1255 2859 1279 2898 as

192 2930 343 3006 nugatoria
356 2939 408 2989 est.
448 2930 509 2987 Vos
524 2939 622 2987 autem
635 2948 695 2988 non
710 2930 802 2989 modo
816 2932 908 2990 oculis
921 2931 1072 3006 imagines,
1086 2929 1140 2989 sed
1154 2931 1241 2988 etiam

193 3026 296 3084 animis
322 3026 482 3084 inculcatis.
523 3027 620 3083 Tanta
646 3037 690 3085 est
717 3027 864 3103 inpunitas
888 3027 1041 3104 garriendi.
1087 3030 1126 3086 At
1153 3045 1242 3102 quam

149 3106 360 3219 {glicenterl'
383 3121 549 3181 Fluentium
577 3123 743 3198 frequenter
769 3123 899 3183 transitio
924 3123 957 3183 fit
984 3124 1138 3197 visionum,
1165 3134 1197 3183 ut
1224 3142 1241 3182 e

194 3219 290 3278 multis
310 3237 370 3278 una
389 3218 528 3278 videatur.
571 3218 698 3278 Puderet
711 3238 760 3278 me
774 3219 873 3278 dicere
888 3239 948 3279 non
962 3220 1137 3297 intellegere,
1153 3220 1176 3280 si
1190 3240 1242 3280 vos

193 3316 248 3392 ipsi
262 3316 472 3391 intellegeretis,
487 3317 537 3393 qui
551 3316 606 3375 ista
626 3315 792 3377 defenditis.
835 3316 904 3392 Quo
926 3316 1017 3376 modo
1037 3317 1116 3376 enim
1136 3319 1242 3395 probas
1256 3341 1281 3380 ³0

194 3413 377 3471 continenter
405 3413 545 3488 imagines
577 3413 663 3472 ferri?
690 3422 749 3484 aut,
782 3413 805 3472 si
836 3414 1028 3486 continenter,
1059 3432 1119 3490 quo
1151 3413 1242 3473 modo

193 3510 350 3566 aeternae?
405 3508 664 3580 Innumerabilitas,
710 3509 814 3584 inquis,
859 3509 1028 3587 suppeditat
1067 3520 1241 3570 atomorum.

194 3605 275 3662 Num
288 3602 393 3662 ea'adem
408 3622 477 3678 ergo
491 3598 548 3662 istii
559 3605 654 3677 saciet,
675 3614 708 3662 ut
728 3605 785 3662 sint
805 3607 906 3664 omnia
925 3606 1122 3680 sempiterna?
1162 3607 1242 3666 Con·

192 3699 266 3773 fugis
281 3699 319 3757 ad
333 3699 574 3780 aequilibritatem
591 3699 649 3776 (sic
670 3700 749 3758 enirn
771 3700 920 3776 ἰσονομίαν,
942 3701 965 3759 si
987 3701 1092 3775 placet,
1113 3701 1241 3777 appelle-

191 3795 272 3871 mus)
291 3803 321 3852 et
334 3794 386 3866 ais,
401 3795 539 3869 quoniam
552 3795 589 3854 sit
603 3804 705 3854 natura
718 3795 855 3869 mortalis,
866 3795 1048 3855 inmortalem
1069 3796 1157 3855 etiam
1178 3813 1242 3854 esse
1256 3818 1280 3856 rs
