2932 4364
530 336 594 399 Llll.
608 336 643 384 11.
676 336 737 385 Car.
749 337 780 396 V,
793 337 837 387 Vl.
872 339 903 402 ἧς
918 350 1004 403 12-17.
1252 328 1292 405 83

239 509 363 565 eamque
386 488 432 546 vel
454 489 620 559 maximam,
642 489 875 563 aequabilitatem
897 501 993 550 motus
1014 493 1294 569 conversionumque

238 586 320 656 caeli,
335 585 412 656 solis,
426 583 511 642 lunae
525 583 713 660 siderumque
727 571 859 643 omnium
873 584 1100 659 distinctionem,
1114 588 1292 662 varietatem,

238 681 494 758 pulchritudinem,
523 679 666 752 ordinem,
695 698 818 755 quarum
848 700 944 740 rerum
971 692 1107 758 aspectus
1134 684 1197 761 ipse
1225 686 1292 744 satis

238 777 378 837 indicaret
392 796 453 836 non
467 795 530 835 esse
546 795 583 834 ea
602 777 727 836 fortuita.
769 779 819 849 Ut,
841 778 864 835 si
885 779 949 854 quis
971 779 1001 838 in
1021 778 1145 839 domum
1165 782 1291 858 aliquam

205 891 217 930 s
237 885 287 934 aut
308 875 338 934 in
360 874 541 950 gymnasium
563 881 613 931 aut
635 874 665 931 in
687 874 781 932 sorum
796 875 922 947 venerit,
945 894 1014 933 cum
1038 876 1136 936 videat
1160 879 1290 937 omnium

237 991 333 1031 rerum
346 973 498 1041 rationem,
514 969 645 1042 modum,
661 968 854 1046 disciplinam,
871 989 932 1030 non
952 973 1044 1048 possit
1065 991 1101 1032 ea
1114 964 1183 1033 'sine
1204 994 1292 1034 causa

236 1069 298 1128 neri
320 1068 459 1139 iudicare,
484 1065 538 1126 sed
562 1085 626 1125 esse
651 1067 778 1143 aliquem
803 1067 959 1144 intellegat,
985 1070 1035 1144 qui
1058 1071 1165 1146 praesit
1190 1080 1219 1130 et
1242 1073 1291 1130 cui

235 1176 377 1243 pareatur,
407 1165 498 1223 multo
526 1163 617 1240 magis
645 1162 676 1222 in
704 1164 791 1222 tantis
825 1165 1003 1226 motionibus
1035 1168 1179 1244 tantisque
1206 1159 1288 1228 uicis·

236 1263 419 1334 situdinibus‚
437 1269 497 1319 tam
516 1261 672 1319 multarum
690 1279 787 1319 rerum
803 1271 891 1338 atque
912 1272 1056 1322 tantarum
1078 1263 1236 1337 ordinibus,
1259 1267 1288 1323 in
1302 1265 1323 1303 Λ

199 1380 224 1408 ¹0
236 1359 341 1434 quibus
361 1356 432 1417 nihil
452 1375 592 1433 umquam
614 1357 748 1415 inmensa
768 1365 799 1415 et
819 1357 931 1416 infinita
954 1368 1080 1418 vetustas
1102 1362 1223 1419 mentita
1242 1363 1287 1434 sit,

235 1462 342 1513 statuat
374 1470 496 1511 necesse
531 1461 575 1510 est
608 1452 646 1512 ab
673 1453 770 1528 aliqua
795 1463 893 1512 mente
921 1462 1018 1513 tantos
1045 1466 1163 1515 naturae
1191 1467 1288 1516 motus

235 1549 396 1628 gubernari.
438 1549 618 1626 Chrysippus
646 1548 776 1625 quidem,
804 1568 982 1627 quamquam
1011 1561 1055 1610 est
1079 1552 1219 1612 acerrimo
1244 1530 1326 1638 inss

235 1649 331 1725 genio,
345 1656 445 1707 tamen
459 1665 496 1705 ea
508 1645 589 1719 dicit,
605 1655 637 1705 ut
657 1647 695 1706 ab
716 1647 780 1723 ipsa
799 1657 901 1706 natura
921 1647 1069 1721 didicisse,
1091 1668 1152 1709 non
1172 1659 1204 1709 ut
1225 1651 1287 1728 ipse

235 1745 395 1821 repperisse
419 1743 559 1802 videatur.
601 1743 653 1802 ‘Si
682 1745 803 1816 enim‘,
833 1745 934 1819 inquit,
970 1748 1042 1804 ‘est
1075 1747 1218 1822 aliquid
1252 1748 1288 1807 in

199 1859 353 1907 rsrerum
389 1848 533 1912 natura,
568 1840 667 1915 quod
702 1839 861 1899 hominis
896 1859 1010 1913 mens,
1045 1840 1143 1916 quod
1177 1845 1287 1916 ratio,

236 1935 332 2012 quod
366 1936 435 2007 vis,
471 1935 569 2011 quod
612 1945 781 2011 potestas
824 1936 981 1995 humana
1022 1939 1176 1997 efficere
1218 1959 1289 2000 non

234 2031 369 2108 possit,
404 2039 460 2089 est
494 2040 594 2088 certe
629 2030 680 2101 id,
715 2029 815 2106 quod
847 2032 938 2090 illud
974 2033 1110 2105 essicit,
1142 2034 1288 2094 homine

236 2126 390 2199 melius;
411 2124 513 2200 atqui
533 2143 589 2183 res
611 2125 794 2184 caelestes
815 2143 1015 2201 omnesque
1037 2146 1114 2199 eae,
1139 2146 1290 2204 quarum

235 2231 290 2282 est
332 2220 422 2281 ordo
461 2221 724 2297 sempiternus,
759 2223 803 2281 ab
845 2222 993 2282 homine
1036 2224 1175 2283 confici
1218 2244 1290 2284 non

196 2327 410 2396 „possunt5
445 2325 501 2376 est
535 2316 648 2393 igitur
681 2317 726 2389 id,
762 2337 782 2376 a
817 2336 889 2394 quo
925 2318 988 2377 illa
1021 2320 1317 2393 conficiuntur,

234 2415 381 2475 homine
424 2414 562 2473 melius.
615 2413 658 2473 Id
692 2423 811 2474 autem
853 2413 941 2490 quid
986 2416 1112 2490 potius
1152 2386 1346 2491 dixeris&

235 2529 340 2587 quam
371 2509 498 2570 deum?
539 2511 686 2569 Etenim
723 2511 753 2570 si
783 2509 820 2569 di
854 2529 926 2569 non
957 2523 1055 2584 sunt,
1086 2514 1175 2588 quid
1210 2533 1289 2574 esse

234 2616 360 2684 potest
383 2607 419 2665 in
443 2625 562 2664 rerum
583 2616 713 2665 natura
733 2607 880 2665 homine
901 2608 1054 2667 melius?
1073 2609 1107 2667 in
1130 2628 1172 2669 eo
1193 2612 1290 2670 enim

235 2703 313 2761 solo
334 2701 519 2773 est'ratio,
541 2718 610 2776 qua
637 2701 730 2760 nihil
760 2711 884 2777 potest
912 2720 993 2760 esse
1022 2707 1288 2778 praestantius.

197 2799 325 2865 25Esse
356 2804 477 2855 autem
511 2796 719 2868 hominem,
741 2797 801 2872 qui
831 2797 924 2855 nihil
953 2797 988 2855 in
1023 2799 1120 2858 omni
1154 2796 1313 2860 mundo¹

236 2893 363 2952 melius
384 2910 464 2953 esse
485 2911 591 2969 quam
612 2911 649 2951 se
669 2901 788 2969 putet,
805 2891 1030 2968 desipientis
1047 2893 1288 2971 adrogantiae

236 2997 308 3063 est;
341 3008 426 3066 ergo
458 2998 514 3048 est
533 2988 676 3065 aliquid
706 2989 857 3062 melius;
888 3000 944 3049 est
975 2980 1088 3066 igitur
1117 2992 1289 3066 profecto

236 3085 348 3163 deus.¹
390 3087 438 3145 An
464 3104 543 3177 vero,
571 3085 595 3144 si
623 3084 745 3144 domum
772 3104 908 3161 magnam
936 3086 1146 3162 pulchramque
1173 3087 1330 3162 videris,1⁷

234 3172 295 3253 nim
314 3183 407 3259 possis
430 3181 548 3256 adduci,
567 3190 608 3254 ut,
632 3181 743 3240 etiamsi
765 3180 930 3260 dominum>
943 3201 1003 3241 non
1025 3183 1136 3254 videas,
1159 3186 1324 3256 muribusg

199 3281 312 3346 ,sillam
341 3288 370 3339 et
398 3280 526 3339 mustelis
556 3279 741 3338 aedificatam
771 3281 878 3354 putes?
911 3289 1023 3338 tantum
1055 3298 1124 3356 ergo
1155 3292 1288 3342 ornatum

236 3376 348 3447 mundi,
363 3384 473 3434 tantam
487 3376 654 3434 varietatem
668 3374 973 3450 pulchritudinemque
994 3395 1089 3434 rerum
1112 3377 1288 3450 caelestium,

237 3481 347 3529 tantmn
360 3471 419 3528 vim
434 3480 463 3528 et
477 3470 708 3545 magnitudinem
729 3470 815 3528 maris
836 3480 925 3545 atque
946 3481 1085 3549 terrarum
1105 3473 1129 3530 si
1150 3483 1231 3531 tuum
1253 3493 1288 3531 ac

236 3584 296 3624 non
330 3565 454 3623 deorum
491 3566 684 3622 inmortalium
722 3562 903 3622 domicilium
940 3576 1035 3640 putes,
1070 3585 1168 3625 nonne
1202 3569 1288 3642 plane

236 3661 369 3735 desipere
396 3660 535 3718 videare?
582 3661 628 3718 An
658 3678 696 3718 ne
724 3659 782 3717 hoc
810 3659 931 3735 quidem
960 3661 1161 3736 intellegimus,
1190 3664 1289 3721 omnia

200 3783 223 3820 rs
236 3775 340 3832 supera
353 3773 417 3814 esse
432 3757 559 3827 meliora,
574 3764 679 3813 terram
696 3764 795 3814 autem
816 3773 880 3813 esse
902 3756 1041 3828 infimam,
1063 3759 1158 3832 quam
1172 3759 1288 3817 crassis·
