2932 4364
140 357 198 455 5⁶.
484 369 533 422 ou
554 372 700 423 aarum
722 369 881 422 osonum

155 526 186 585 id
206 525 290 586 vobis
301 546 310 599 ;
331 544 404 585 num
425 525 513 585 etiam
535 544 594 584 una
615 534 660 601 est
683 527 815 585 omnium
837 525 947 585 iacies?
967 544 1035 586 nam
1056 526 1080 587 si
1100 527 1207 604 plures,

155 625 240 682 aliam
256 641 320 682 esse
335 624 391 682 alia
405 623 601 699 pulchriorem
615 641 736 682 necesse
751 632 803 683 est.
847 623 937 699 Igitur
950 624 1053 700 aliquis
1067 641 1127 683 non
1143 625 1207 701 pul·

156 720 316 779 cherrimus
340 719 423 778 deus.
465 719 495 778 Si
519 737 578 778 una
601 720 734 777 omnium
758 718 846 777 iacies
872 728 924 790 est,
949 719 1051 778 llorere
1073 721 1104 778 in
1125 721 1209 779 caelo
1303 761 1309 772 ·

156 816 348 876 Academiam
371 833 493 873 necesse
518 825 582 886 est;
606 816 629 873 si
654 817 733 873 enim
758 816 828 873 nihil
853 815 927 873 inter
950 815 1040 874 deum
1065 826 1094 875 et
1118 817 1209 875 deum

118 919 142 960 ⁸¹
157 912 261 985 diflert,
275 912 354 970 nulla
368 920 412 969 est
429 908 508 986 apud
530 908 603 968 deos
624 911 763 986 cognitio,
778 910 856 969 nulla
876 912 1036 987 perceptio.
1079 911 1168 986 Quid,
1184 913 1209 971 si
1228 923 1241 964 s

157 1011 256 1080 etiam,
275 993 500 1080 Vellei,'ialsum
522 1005 592 1067 illud
612 1007 734 1066 omnino
755 1016 808 1079 est,
829 1008 938 1066 nullam
957 1008 1043 1066 aliam
1064 1008 1149 1068 nobis
1169 1008 1208 1068 de

157 1107 216 1167 deo
230 1105 425 1183 cogitantibus
439 1104 569 1182 speciem
585 1104 640 1163 nisi
655 1104 780 1164 hominis
801 1106 976 1165 occurrere?
996 1114 1134 1165 tamenne
1155 1107 1210 1166 ista

157 1216 219 1265 tam
232 1203 358 1265 absurda
372 1202 536 1263 defendes?
578 1203 673 1264 Nobis
688 1203 808 1263 sortasse
823 1202 865 1262 sic
879 1203 1014 1278 occurrit,
1028 1213 1060 1263 ut
1077 1204 1170 1278 dicis;
1192 1224 1211 1264 a

109 1327 112 1335 ¹
157 1304 252 1381 parvis
276 1303 354 1362 enim
380 1303 492 1374 Iovem,
520 1303 677 1374 lunonem,
703 1302 877 1374 Minervam,
900 1302 1082 1379 Neptunum,
1102 1303 1207 1361 Vulca-

158 1420 239 1473 num,
260 1400 426 1476 Apollinem
447 1399 633 1475 reliquosque
655 1399 729 1458 deos
751 1417 787 1458 ea
807 1400 881 1458 facie
900 1400 1046 1472 novimus,
1068 1417 1127 1475 qua
1147 1372 1269 1482 pic-10]

158 1508 236 1557 tores
249 1497 423 1571 fictoresque
438 1497 599 1567 voluerunt,
611 1513 708 1571 neque
722 1495 816 1554 solum
830 1496 913 1566 facie,
925 1496 979 1554 sed
993 1497 1083 1554 etiam
1096 1507 1210 1568 ornatu,

158 1602 263 1664 aetate,
277 1593 382 1650 vestitu
393 1612 402 1664 ;
423 1601 453 1650 at
466 1609 526 1650 non
546 1592 682 1667 Aegyptii
701 1610 758 1650 nec
778 1591 840 1667 Syri
860 1609 917 1649 nec
937 1591 997 1649 sere
1017 1602 1126 1650 cuncta
1146 1591 1209 1650 bar·
1251 1647 1252 1650 ,

158 1690 256 1762 baria3
277 1688 418 1746 firmiores
432 1689 511 1745 enim
524 1688 624 1746 videas
639 1686 719 1762 apud
734 1706 785 1746 eos
800 1687 955 1762 opiniones
969 1705 1034 1746 esse
1052 1687 1091 1746 dc
1110 1689 1211 1746 bestiis

159 1783 334 1862 quibusdam
348 1802 437 1859 quam
452 1783 531 1860 apud
548 1801 602 1842 nos
617 1782 659 1841 de
669 1783 857 1842 sanctissimis
878 1783 994 1858 templis
1007 1792 1038 1841 et
1052 1783 1211 1842 simulacris
1298 1789 1302 1796 '

121 1889 147 1931 ⁸2
160 1881 301 1980 deorumg
335 1881 453 1939 Etenim
468 1880 535 1938 lana
548 1880 639 1938 multa
659 1880 781 1955 spoliata
802 1890 832 1938 et
852 1880 1006 1938 simulacra
1025 1874 1156 1939 deorum'
1171 1879 1210 1939 de
1225 1901 1249 1940 rs

160 1979 232 2040 locis
246 1978 443 2051 ,sanctissimis
465 1977 561 2037 ablata
579 1976 712 2036 videmus
732 1996 750 2036 a
768 1977 892 2050 nostris,
924 1986 954 2036 at
973 1994 1043 2035 vero
1062 1995 1100 2037 ne
1119 1977 1211 2036 fando

160 2076 281 2154 quidem
302 2076 435 2135 auditum
457 2084 502 2133 est
527 2073 709 2134 crocodilum
728 2084 778 2132 aut
798 2075 858 2134 ibin
879 2083 929 2133 aut
948 2074 1053 2134 faelem
1073 2076 1211 2136 violatum

160 2174 198 2233 ab
209 2174 363 2249 Aegyptio.
399 2170 480 2246 Quid
491 2172 575 2247 igitur
588 2174 712 2230 censes?
752 2172 839 2247 Apim
854 2171 943 2244 illum,
954 2181 1088 2230 sanctum
1096 2174 1211 2249 Aegyp-

160 2271 266 2338 tiorum
294 2269 411 2338 bovem,
439 2264 545 2325 nonne'
567 2265 657 2324 deum
684 2266 774 2324 videri
802 2267 973 2342 Aegyptiis?
1012 2268 1087 2325 Tam
1114 2266 1212 2326 hercle

161 2386 250 2443 quam
274 2366 326 2426 tibi
351 2366 429 2424 illam
453 2370 578 2424 ve‘stram
602 2366 757 2440 Sospitam,
778 2376 924 2441 quam-tu
944 2384 1104 2442 numquam
1123 2385 1162 2425 ne
1182 2367 1211 2424 in
1226 2388 1251 2415 ω

161 2466 270 2523 somnis
289 2462 411 2538 quidem
430 2461 512 2520 vides
536 2462 590 2520 nisi
613 2480 680 2521 cum
704 2463 781 2538 pelle
800 2463 928 2537 caprina,
949 2482 1018 2520 cum
1038 2463 1129 2535 hasta,
1144 2483 1212 2523 cum

161 2561 284 2631 scutulo,
310 2577 378 2616 cum
403 2559 538 2617 calceolis
562 2557 708 2634 repandis.
751 2560 789 2616 At
813 2576 873 2616 non
896 2567 940 2616 est
962 2559 1025 2617 talis
1048 2560 1135 2634 Argia
1156 2578 1213 2618 nec

162 2659 298 2716 Romana
319 2657 404 2715 Iuno.
447 2655 526 2730 Ergo
547 2654 602 2713 alia
622 2656 737 2730 species
760 2656 881 2714 Iunonis
902 2656 1022 2732 Argivis,
1041 2656 1096 2714 alia
1118 2658 1213 2716 Lanu·

161 2755 244 2826 vinis,
265 2755 327 2811 alia
352 2753 443 2811 nobis.
445 2752 477 2832 ss
486 2752 524 2810 Et
546 2751 667 2828 quidem
692 2754 748 2812 alia
771 2755 857 2814 nobis
882 2755 1048 2832 Capitolini,
1063 2755 1119 2822 alia
1138 2757 1213 2815 Afris

118 2828 157 2934 {ii
166 2850 342 2910 Hammonis
357 2842 459 2909 Iovis(
487 2849 556 2907 Non
571 2849 663 2925 pudet
680 2852 766 2927 igitur
786 2850 949 2927 physicum,
965 2852 995 2911 id
1016 2862 1062 2911 est
1081 2852 1212 2929 specula·
1226 2873 1251 2911 vs

161 2956 254 3004 torem
276 2955 504 3018 venatoremque
527 2955 655 3017 naturae,
679 2948 716 3006 ab
740 2948 844 3006 animis
868 2947 1083 3007 consuetudine
1107 2948 1214 3006 inbutis

161 3051 260 3118 petere
282 3040 480 3099 testimonium
502 3041 649 3102 veritatis?
692 3044 754 3102 Isto
780 3044 859 3102 enim
883 3043 974 3102 modo
996 3043 1095 3103 dicere
1116 3043 1213 3102 licebit
1279 3088 1281 3094 .

164 3139 264 3197 Iovem
285 3155 403 3211 semper
422 3137 584 3212 barbatum,
599 3140 765 3216 Apollinem
786 3159 904 3216 semper
924 3140 1085 3213 inberbem,
1101 3141 1213 3200 caesios

162 3237 263 3296 oculos
288 3235 448 3307 Minervae,
470 3237 620 3314 caeruleos
645 3255 709 3297 esse
735 3239 877 3315 Neptuni.
920 3240 960 3297 Et
972 3236 1093 3314 quidem
1114 3237 1212 3296 lauda·

162 3351 227 3391 mus
248 3330 370 3391 Athenis
391 3333 557 3391 Volcanum
582 3351 659 3406 eum,
685 3352 775 3409 quem
799 3335 868 3393 iecit
892 3335 1075 3407 Alcamenes,
1100 3335 1130 3393 in
1154 3353 1213 3410 quo
1227 3360 1253 3397 ao

161 3438 255 3489 stante
279 3438 367 3504 atque
391 3430 496 3488 vestito
518 3430 619 3489 leviter
640 3441 762 3507 apparet
784 3431 960 3491 claudicatio
984 3450 1044 3490 non
1065 3431 1212 3491 deformis.

162 3525 310 3586 Claudum
337 3527 423 3602 igitur
450 3526 623 3586 habebimus
652 3526 751 3598 deum,
780 3529 920 3603 quoniam
948 3529 987 3588 de
1010 3529 1144 3588 Volcano
1172 3530 1214 3587 sic

161 3624 340 3718 accepimus.
383 3625 446 3699 Age
464 3621 554 3681 ethis
574 3624 722 3682 vocabulis
743 3642 807 3682 esse
829 3624 902 3684 deos
923 3625 1055 3696 iacimus,
1070 3625 1176 3700 quibus
1197 3643 1214 3682 a

124 3718 246 3778 arnobis
275 3719 483 3778 nominantur?
523 3720 561 3776 At
588 3719 722 3797 primum,
748 3730 820 3794 quot
845 3720 997 3778 hominum
1021 3720 1145 3795 linguae,
1170 3730 1215 3778 tot

162 3814 284 3872 nomina
296 3813 430 3872 deorum.
473 3814 543 3872 Non
557 3813 645 3886 enim,
660 3822 693 3872 ut
712 3823 743 3872 tu
764 3814 901 3886 Velleius,
915 3832 1105 3891 quocumque
1125 3833 1213 3874 vene·
1227 3838 1252 3879 aa
