2932 4364
406 361 472 411 rra.
487 362 537 411 ιιι.
573 362 886 422 cn.xxv111,xx1x.
922 362 1055 426 §roffi
1213 357 1274 427 159

223 531 297 585 mus,
312 513 337 572 si
355 513 447 573 modo
467 513 617 586 habemus,
632 513 741 573 bonam
756 514 1013 573 autemrationem
1027 523 1150 573 autnon
1165 513 1274 571 bonam

223 628 242 667 a
261 610 355 668 nobis.
398 611 468 668 Non
490 610 579 681 enim,
600 619 632 669 ut
652 610 861 687 patrimonium
881 610 1060 687 relinquitur,
1074 610 1117 668 sic
1137 609 1210 668 ratio
1231 619 1274 668 est

224 706 335 765 homini
356 707 501 765 beneficio
522 706 646 766 deorum
668 707 745 766 data.
788 707 870 782 Quid
891 708 1088 784 enim‘potius
1109 706 1275 766 hominibus

225 801 383 874 dedissent,
399 804 422 861 si
437 804 470 861 iis
486 822 592 862 nocere
606 804 786 863 voluissent?
828 804 988 863 Iniustitiae
1008 815 1116 876 autem,
1132 805 1273 879 intempe-

193 900 342 970 stantiae,
366 899 526 957 timiditatis
548 918 623 974 quae
646 901 759 959 semina
781 909 888 973 essent,
911 901 935 959 si
957 901 1002 959 his
1023 900 1098 959 vitiis
1120 902 1193 959 ratio
1214 918 1275 958 non

224 995 376 1055 subesset?
417 995 528 1053 Medea
541 994 632 1055 modo
648 1006 677 1055 et
691 999 796 1056 Atreus
815 998 1121 1056 commemorabantur
1142 1016 1160 1054 a
1179 997 1273 1069 nobis,
1281 1006 1319 1062 29

225 1091 360 1151 heroicae
384 1111 537 1168 personae,
562 1093 633 1151 inita
660 1093 863 1169 subductaque
890 1094 1002 1153 ratione
1030 1094 1140 1152 nefaria
1166 1094 1277 1152 scelera

225 1186 409 1247 meditantes.
453 1188 555 1263 Quid?
578 1189 708 1248 levitates
727 1190 860 1249 comicae
880 1208 1023 1266 parumne
1044 1207 1161 1266 semper
1181 1189 1211 1247 in
1232 1207 1275 1247 ra·
1289 1209 1313 1252 rr

177 1360 178 1364 Ἰ
225 1283 305 1341 tione
320 1286 489 1343 versantur?
508 1303 649 1360 pammue
664 1285 806 1370 subtiliter
819 1284 948 1361 disputat
962 1285 1008 1343 ille
1023 1285 1054 1344 in
1068 1284 1237 1343 Eunucho?

189 1439 214 1467 ιο
308 1413 404 1487 Quid
426 1414 536 1490 igitur
556 1413 710 1473 faciam?
724 1457 850 1475 ......
1300 1473 1303 1480 ,

309 1509 490 1583 Exclusit,
518 1519 686 1585 revocat;
716 1509 884 1570 redeam?
914 1530 999 1584 non,
1027 1510 1058 1570 si
1084 1529 1140 1570 me
1168 1510 1275 1570 dbse-

986 1616 1074 1668 eret.

228 1756 280 1814 Ille
300 1774 369 1814 vero
390 1755 420 1814 in
441 1755 621 1832 Synephebis
642 1755 889 1816 Academicorum
909 1772 991 1814 more
1015 1763 1119 1814 contra
1142 1773 1275 1814 commu-

227 1870 296 1909 nem
317 1851 488 1927 opinionem
509 1870 570 1910 non
590 1851 704 1911 dubitat
725 1870 855 1929 pugnare
873 1851 994 1923 ratione,
1009 1851 1060 1927 qui
1080 1851 1134 1909 ‘in
1154 1868 1276 1910 amore

191 1967 364 2008 rssummo
385 1965 594 2022 summaque
615 1947 742 2024 inopia
762 1965 870 2006 suave
891 1948 989 2005 esse’
1011 1945 1084 2005 dicit

309 2079 500 2136 Parentem
528 2077 662 2136 habere
690 2079 849 2149 avitum,
877 2076 1097 2152 inlepidum,
1122 2077 1158 2136 iu
1184 2076 1277 2136 llbe-
1329 2062 1332 2067 ’

987 2190 1046 2232 ros

309 2272 532 2345 Difficilem,
555 2271 671 2348 quite
694 2274 763 2332 nec
783 2279 878 2331 amet
898 2288 966 2330 nec
987 2268 1136 2330 studeat
1156 2271 1223 2331 tui.

229 2419 324 2492 Atque
340 2416 408 2476 huic
422 2415 585 2475 incredibili
599 2415 760 2474 sententiae
775 2413 950 2473 ratiunculas
964 2414 1110 2490 suggerit:
1290 2437 1316 2482 n

192 2586 233 2617 ω·
309 2565 378 2621 Aut
398 2571 434 2622 tu
456 2562 557 2621 illum
578 2564 700 2621 fructu
721 2562 829 2621 fallas
850 2571 910 2620 aut
930 2579 994 2638 per
1014 2563 1163 2621 litteras

222 2675 225 2682 ’
309 2659 460 2716 Avertas
481 2655 632 2732 aliquod
653 2660 785 2715 nomen
805 2665 866 2715 aut
886 2674 951 2732 per
971 2656 1153 2715 servolum

310 2751 499 2811 Percutias
520 2751 705 2827 pavidum,
728 2755 914 2827 postremo
935 2769 954 2808 a
974 2755 1085 2827 parco
1106 2760 1210 2827 patre

310 2846 416 2922 Quod
436 2849 569 2919 sirmas,
590 2855 728 2922 quanto
749 2845 911 2921 dissipes
931 2845 1130 2905 libentius!

231 2993 373 3070 Idemque
387 2995 503 3054 facilem
518 3004 547 3053 et
560 2992 709 3052 liberalem
723 3001 836 3068 patrem
849 2989 1073 3049 incommodum
1087 3007 1151 3048 esse
1169 2991 1278 3048 amanti

191 3110 216 3149 rs
229 3090 288 3149 filio
302 3089 439 3166 disputat,

311 3221 425 3295 Quem
453 3221 571 3297 neque
600 3238 671 3297 quo
698 3227 808 3296 pacto
836 3217 960 3277 fallam
987 3233 1055 3274 nec
1082 3213 1279 3291 quidinde

991 3313 1152 3372 auferam

311 3413 388 3472 Nec
415 3415 520 3488 quem
547 3412 670 3472 dolum
697 3411 743 3471 ad
766 3429 846 3472 eum
869 3419 930 3470 aut
955 3409 1159 3469 machinam
1183 3426 1279 3467 com-

990 3505 1136 3577 moliar,

193 3632 218 3670 ³0
311 3605 394 3664 Scio
421 3608 637 3681 quicquam
666 3604 718 3663 ita
744 3620 869 3663 omues
897 3604 996 3660 meos
1025 3599 1147 3673 dolos,
1175 3600 1278 3659 falla-

993 3709 1083 3764 cras,
1232 3753 1237 3762 ,

311 3791 554 3870 Praestrlgias
574 3791 815 3868 praestrinxit
836 3787 1079 3850 commoditas
1101 3788 1225 3880 patris.
