2932 4364
230 368 288 447 148
554 378 604 429 nn
625 379 772 429 Narona
793 375 952 429 osonum.

225 555 311 596 scura
328 534 542 612 adsequamur3
567 543 597 594 at
615 534 773 594 obscurum
794 533 852 593 deo
873 533 944 592 nihil
964 541 1062 610 potest
1082 551 1156 596 esse.
1199 536 1278 596 Nam

225 635 341 707 iustitia,
364 652 440 708 quae
462 652 548 692 suum
570 632 677 708 cuique
700 631 854 704 distribuit,
877 630 949 706 quid
972 631 1099 707 pertinet
1121 632 1160 691 ad
1184 632 1278 693 deos?

225 731 378 790 hominum
399 718 479 789 enim
499 730 624 788 societas
641 737 672 786 et
688 728 892 799 communitas,
907 736 939 785 ut
953 745 1005 786 vos
1019 726 1125 799 dicitis,
1140 729 1277 788 iustitiam

225 827 397 902 procreavit.
444 825 654 901 Temperantia
681 835 779 882 autem
807 832 922 880 constat
949 841 986 881 ex
1012 824 1278 899 praetermittendis

225 921 421 995 voluptatibus
442 921 581 995 corporis,
596 921 645 977 cui
664 919 688 977 si
707 920 789 977 locus
804 919 834 976 in
849 919 931 976 caelo
946 928 1000 990 est,
1015 928 1060 977 est
1073 921 1161 978 etiam
1175 921 1276 996 volup·
1297 944 1310 983 s

225 1017 340 1074 tatibus.
383 1017 461 1075 Nam
475 1016 555 1073 sortis
570 1014 644 1073 deus
662 1015 791 1090 intellegi
804 1015 854 1090 qui
868 1015 987 1089 potest?
1006 1015 1037 1072 in
1051 1014 1175 1074 dolore?
1195 1034 1233 1073 an
1248 1017 1279 1074 iu

187 1112 346 1171 mlabore?
373 1130 411 1169 an
439 1111 468 1169 in
495 1111 649 1187 periculo?
678 1129 803 1186 quorum
831 1110 921 1168 deum
948 1109 1019 1168 nihil
1046 1112 1169 1186 attingit.
1212 1112 1279 1170 Nec

225 1209 336 1267 ratione
358 1208 443 1284 igitur
462 1218 594 1266 utentem
615 1225 672 1264 nec
686 1208 790 1265 virtute
810 1207 868 1265 ulla
880 1206 1046 1283 praeditum
1062 1206 1153 1266 deum
1167 1207 1278 1266 intelle·

224 1323 292 1381 gere
314 1305 364 1381 qui
384 1306 560 1380 possumus?
601 1305 668 1362 Nec
682 1321 752 1361 vero
766 1304 843 1378 volgi
861 1314 949 1378 atque
969 1304 1170 1378 imperitonrm
1191 1305 1277 1363 insci·

224 1402 295 1461 tiam
320 1401 472 1477 despicere
496 1420 627 1477 possum,
653 1418 722 1459 cum
747 1418 783 1458 ea
807 1399 973 1471 considero,
998 1418 1074 1474 quae
1099 1400 1236 1460 dicuntur
1259 1419 1317 1460 aso

225 1499 328 1559 Stoicis
339 1519 348 1572 3
373 1508 441 1557 sunt
462 1499 541 1558 enim
561 1498 609 1557 illa
633 1498 851 1574 imperitorum:
878 1497 992 1573 piscem
1014 1497 1077 1574 Syri
1096 1509 1278 1571 venerantur,

225 1616 313 1656 omne
335 1597 394 1656 sere
415 1615 508 1672 genus
526 1596 683 1656 bestiarum
697 1595 833 1672 Aegyptii
853 1605 1116 1669 consecraverunt3
1138 1596 1195 1654 iarn
1209 1615 1279 1655 vero

225 1695 255 1752 in
271 1694 396 1753 Graecia
416 1693 524 1751 multos
545 1693 655 1751 habeut
676 1711 713 1751 ex
732 1693 900 1751 hominibus
917 1691 999 1762 deos,
1014 1692 1200 1751 Alabandum
1213 1694 1279 1751 Ala-

226 1790 340 1863 bandis,
358 1789 485 1848 Tenedii
508 1791 642 1863 Tennen,
667 1789 878 1862 Leucotheam,
900 1807 977 1864 quae
1004 1789 1058 1847 suit
1079 1790 1145 1860 Ino,
1167 1798 1197 1847 et
1218 1789 1280 1848 eius

229 1887 436 1946 Palaemonem
460 1887 550 1945 filium
576 1896 683 1945 cuncta
708 1887 842 1959 Graecia,
867 1886 1038 1955 Herculem,
1061 1886 1278 1961 Aesculapium,
1294 1912 1317 1950 ις

225 1983 409 2061 Tyndaridas
419 2004 429 2058 3
457 1984 617 2042 Romulum
641 1983 733 2041 nostri
757 1983 887 2058 aliosque
911 1982 1078 2057 compluris,
1101 2000 1177 2057 quos
1198 1982 1279 2056 quasi

133 2083 134 2087 ’
185 2061 320 2167 {ginovos
341 2090 371 2139 et
391 2079 593 2155 adscripticios
612 2081 690 2138 cives
709 2080 740 2143 in
759 2079 875 2137 caelum
889 2089 1023 2153 receptos
1037 2088 1165 2154 putant„
1193 2080 1279 2137 Haec

228 2176 312 2249 igitur
325 2175 456 2247 indocti;
479 2174 549 2249 quid
563 2194 616 2234 vos
630 2174 818 2250 philosophi?
839 2175 889 2248 qui
903 2175 1044 2232 meliora?
1085 2175 1199 2233 Omitto
1213 2175 1278 2245 illa;

227 2282 294 2328 sunt
313 2271 391 2328 enim
406 2270 571 2345 praeclara:
594 2271 630 2328 sit
647 2288 717 2327 sane
737 2269 810 2327 deus
830 2270 895 2344 ipse
916 2267 1054 2327 mundus.
1096 2271 1167 2340 Hoc
1188 2268 1279 2327 credo

228 2366 298 2425 illud
313 2385 376 2425 esse
1292 2397 1318 2424 ω
1354 2376 1355 2380 ’

266 2496 421 2555 sublime
441 2494 620 2565 candens,
641 2513 745 2571 quem
765 2497 941 2554 invocant
960 2498 1085 2554 omnes
1106 2497 1243 2554 Iovem.

228 2657 326 2731 Quare
347 2656 431 2732 igitur
451 2655 540 2731 pluris
561 2654 746 2730 adiungimus
761 2654 855 2714 deos?
876 2667 985 2731 quanta
999 2666 1096 2715 autem
1114 2666 1157 2715 est
1175 2675 1277 2715 eorum

227 2752 401 2811 multitudo!
444 2752 519 2810 Mihi
534 2751 655 2826 quidem
675 2770 745 2809 sane
765 2753 847 2809 multi
861 2752 1004 2813 videntur.
1047 2754 1177 2829 Singulas
1199 2754 1278 2811 enim

227 2850 323 2908 stellas
343 2867 478 2906 numeras
500 2847 573 2906 deos
595 2866 705 2923 eosque
727 2858 776 2906 aut
795 2849 947 2907 beluarum
961 2851 1080 2908 nomine
1094 2853 1233 2926 appellas,
1248 2860 1279 2908 ut

228 2945 364 3019 Capram,
379 2954 411 3003 ut
432 2946 560 3019 Nepam,
578 2954 609 3001 ut
629 2945 768 3016 Taurum,
787 2947 828 3001 ut'
840 2945 981 3016 Leonem,
1001 2956 1050 3004 aut
1071 2931 1166 3004 rerum
1187 2948 1277 3005 inani·
1293 2978 1316 3014 ις

190 3057 215 3101 u
229 3060 350 3113 marum,
364 3052 396 3098 ut
414 3042 502 3116 Argo,
522 3049 554 3098 ut
573 3041 670 3111 Aram,
689 3050 723 3098 ut
743 3028 902 3099 Coronam.
944 3040 1003 3099 Sed
1023 3051 1055 3100 ut
1075 3042 1150 3100 haec
1171 3061 1277 3102 conce-

229 3137 342 3209 dantur,
364 3138 475 3212 reliqua
498 3137 549 3213 qui
574 3136 695 3196 tandem
717 3155 778 3196 non
802 3136 894 3196 modo
918 3137 1053 3209 concedi,
1076 3138 1130 3197 sed
1157 3140 1278 3198 omnino

229 3235 356 3310 intellegi
374 3237 517 3310 possunt?
557 3235 634 3295 Cum
652 3236 747 3311 fruges
762 3235 911 3306 Cererem,
926 3236 1026 3293 vinum
1049 3235 1184 3294 Liberum
1206 3235 1278 3295 dici-

230 3351 304 3403 mus,
318 3349 423 3407 genere
443 3351 497 3390 nos
517 3331 638 3409 quidem
659 3333 800 3391 sermonis
821 3332 929 3391 utimur
949 3333 1064 3402 usitato,
1080 3331 1133 3390 sed
1153 3351 1278 3408 ecquem

229 3437 290 3485 tam
310 3438 457 3486 amentem
479 3446 542 3487 esse
565 3438 658 3504 putas,
673 3428 722 3503 qui
744 3428 823 3501 illud,
838 3447 899 3504 quo
914 3439 1055 3500 vescatur,
1071 3427 1160 3487 deum
1180 3430 1279 3488 credat
1293 3460 1317 3497 ,ο

228 3525 316 3582 esse?
355 3525 433 3582 Nam
454 3543 528 3600 quos
549 3525 587 3582 ab
608 3524 776 3583 hominibus
800 3526 966 3600 pervenisse
988 3524 1062 3583 dicis
1084 3524 1122 3584 ad
1145 3525 1226 3596 deos,
1248 3536 1278 3583 tu

228 3620 336 3678 reddes
349 3620 499 3691 rationem,
515 3639 604 3695 quem
622 3619 661 3678 ad
675 3619 797 3679 modum
812 3619 843 3678 id
864 3621 925 3678 fieri
940 3622 1066 3695 potuerit
1081 3632 1131 3680 aut
1146 3640 1197 3680 cur
1218 3622 1279 3680 fieri

228 3716 355 3786 desierit,
371 3726 400 3773 et
414 3733 470 3790 ego
485 3715 596 3773 discam
611 3717 742 3774 libenter.
785 3717 854 3790 Quo
874 3716 965 3775 modo
985 3735 1064 3774 nunc
1084 3716 1204 3792 quidem
1225 3728 1279 3789 est,

228 3831 289 3871 non
310 3810 406 3883 video,
422 3828 482 3885 quo
503 3820 592 3886 pacto
614 3811 670 3884 ille,
687 3811 736 3869 cui
761 3811 814 3870 ‘in
838 3821 959 3870 monte
986 3812 1129 3872 Oetaeo
1153 3814 1279 3898 illatae
