2932 4364
231 413 290 461 122
555 406 604 458 nu
625 392 771 458 uarum
794 405 953 458 osonum
1015 406 1020 415 ·

226 565 350 624 salutem
371 563 505 623 omnium
527 563 838 638 conservationemque
860 561 1066 621 admirabiliter
1079 562 1281 623 administrari.

184 678 220 720 rm
268 662 329 722 Hic
344 670 465 737 quaeret
479 661 633 737 quispiam,
651 663 803 718 cuiusnam
824 677 914 717 causa
934 670 1078 718 tantarum
1100 678 1195 718 rerum
1218 679 1282 719 mo·

227 759 289 817 litio
310 758 387 816 sacta
407 758 444 815 sit
454 776 463 829 ;
484 757 659 815 arborumne
680 765 710 814 et
732 756 907 814 herbarum?
928 774 1004 830 quae
1018 774 1197 831 quamquam
1219 758 1282 814 sine

228 871 316 912 sensu
336 863 412 924 sunt,
428 863 527 909 tamen
541 869 560 907 a
573 860 675 908 natura
698 851 882 909 sustinentur.
925 852 964 908 At
986 849 1017 908 id
1039 850 1161 925 quidem
1183 852 1281 909 absur-

229 948 301 1006 dum
315 957 368 1008 est.
409 950 456 1006 An
469 946 649 1005 bestiarum?
689 945 789 1004 Nihilo
803 944 980 1020 probabilius
994 944 1067 1004 deos
1088 955 1232 1003 mutarum
1254 956 1284 1005 et
1303 973 1315 1013 ς

227 1043 300 1103 nihil
326 1042 556 1120 intellegentium
586 1059 675 1099 causa
698 1051 812 1100 tantum
839 1042 994 1101 laborasse.
1037 1042 1171 1116 Quomm
1199 1042 1284 1117 igitur

228 1158 318 1200 causa
344 1141 409 1216 quis
436 1139 540 1198 dixerit
568 1138 707 1197 effectum
734 1157 800 1197 esse
828 1138 993 1198 mundum?
1034 1139 1145 1197 Eorum
1172 1138 1284 1197 scilicet

228 1237 427 1310 animantium,
451 1254 526 1312 quae
551 1236 662 1294 ratione
688 1244 815 1294 utuntur.
859 1237 902 1294 Hi
929 1245 997 1294 sunt
1024 1235 1055 1294 di
1083 1243 1113 1294 et
1139 1235 1283 1307 homines,

228 1336 334 1413 quibus
348 1335 481 1413 prolecto
495 1333 566 1393 nihil
587 1343 631 1392 est
650 1332 772 1404 melius;
794 1332 868 1391 ratio
888 1343 933 1391 est
956 1333 1044 1405 enim,
1059 1351 1135 1409 quae
1157 1342 1285 1410 praestet

151 1485 155 1516 ἕ
229 1434 374 1493 omnibus.
417 1434 463 1492 Ita
483 1432 515 1491 fit
535 1429 674 1490 credibile
689 1429 812 1489 deorum
836 1440 866 1488 et
888 1430 1040 1489 hominum
1063 1431 1323 1490 causasactum10

150 1516 152 1533 ’
184 1541 292 1598 messe
308 1529 451 1589 mundum
465 1547 600 1606 quaeque
614 1529 644 1587 in
658 1547 696 1587 eo
714 1525 861 1606 [mundo]
878 1528 935 1586 sint
949 1529 1056 1588 omnia
1100 1528 1284 1604 Faciliusque

229 1628 410 1704 intellegetur
423 1646 441 1685 a
454 1627 500 1686 dis
518 1626 717 1685 inmortalibus
738 1625 905 1684 hominibus
927 1643 991 1683 esse
1013 1626 1170 1700 provisum,
1185 1627 1209 1685 si
1232 1626 1285 1684 erit

229 1734 291 1783 tota
314 1723 440 1784 hominis
465 1723 613 1782 fabricatio
637 1731 793 1798 perspecta
815 1723 971 1798 omnisque
995 1721 1139 1780 humanae
1164 1733 1284 1781 naturae

185 1835 223 1877 1³4
230 1820 320 1896 figura
334 1828 421 1895 atque
437 1819 587 1895 perfectio.
629 1820 708 1877 Nam
722 1837 792 1876 cum
806 1819 896 1877 tribus
914 1820 1001 1877 rebus
1022 1819 1213 1877 animantium
1226 1820 1285 1876 vita

229 1926 370 1989 teneatur,
385 1916 462 1996 cibo,
477 1915 607 1990 potione,
627 1914 737 1991 spiritu,
759 1913 799 1974 ad
819 1915 894 1973 haec
914 1916 1015 1974 omnia
1036 1914 1228 1991 percipienda
1249 1933 1283 1974 os
1298 1942 1322 1982 ις

230 2023 275 2073 est
287 2012 478 2090 aptissimum,
490 2010 575 2087 quod
588 2010 734 2071 adiunctis
754 2013 871 2070 naribus
892 2013 995 2088 spiritu
1008 2021 1137 2088 augetur.
1181 2012 1283 2070 Denti-

230 2111 285 2172 bus
297 2120 396 2169 autem
411 2110 440 2168 in
455 2127 505 2168 ore
520 2109 693 2168 constructis
707 2108 854 2167 manditur
868 2119 957 2185 atque
976 2107 1030 2187 [ab
1045 2107 1095 2187 iis]
1113 2118 1285 2168 extenuatur

190 2255 192 2258 .
216 2218 259 2272 ‚et
279 2207 396 2266 molitur
415 2205 508 2265 cibus.
552 2207 663 2265 Eorum
682 2205 796 2264 adversi
819 2206 897 2276 acuti
920 2224 1018 2265 morsu
1036 2205 1171 2265 dividunt
1192 2224 1284 2277 escas,

229 2303 323 2364 intimi
345 2313 443 2362 autem
466 2302 635 2373 conficiunt,
656 2302 707 2377 qui
728 2302 848 2378 genuini
865 2313 1015 2374 vocantur,
1037 2321 1114 2378 quae
1137 2303 1285 2361 confectio

186 2401 319 2458 rsaetiam
340 2418 359 2458 a
380 2401 478 2476 lingua
500 2398 628 2457 adiuvari
651 2397 773 2457 videtur.
817 2399 959 2475 Linguam
984 2409 1083 2458 autem
1108 2399 1147 2459 ad
1170 2400 1284 2458 radices
1298 2425 1324 2452 ω

230 2498 292 2556 eius
306 2497 428 2556 haerens
442 2496 551 2571 excipit
564 2495 741 2567 stomachus,
756 2513 816 2571 quo
831 2497 956 2571 primum
971 2497 1137 2556 inlabuntur
1150 2515 1194 2567 ea,
1209 2515 1286 2573 quae

230 2585 354 2669 accepta
367 2603 435 2652 sunt
447 2611 508 2652 ore.
551 2594 581 2651 Is
600 2602 721 2667 utraque
737 2604 869 2667 exparte
891 2594 998 2652 tosillas
1020 2595 1165 2670 attingens
1187 2594 1287 2671 palato

231 2701 361 2761 extremo
374 2700 462 2766 atque
477 2690 579 2748 intimo
600 2689 778 2749 terminatur.
821 2692 917 2765 Atque
939 2691 962 2748 is
984 2692 1142 2766 agitatione
1156 2702 1186 2750 et
1200 2691 1286 2751 moti·

230 2787 284 2846 bus
305 2787 419 2862 linguae
440 2805 509 2845 cum
531 2786 687 2862 depulsum
709 2796 739 2845 et
757 2787 840 2861 quasi
862 2786 1012 2846 detrusum
1036 2789 1136 2847 cibum
1160 2789 1285 2864 accepit,

231 2883 358 2959 depellit.
402 2884 496 2958 Ipsius
518 2894 617 2942 autern
638 2893 735 2959 partes
760 2901 823 2956 eae,
844 2901 921 2959 quae
945 2894 1012 2943 sunt
1036 2885 1109 2944 infra
1131 2903 1222 2962 quam
1245 2884 1285 2958 id,
1299 2908 1324 2952 ις

231 2979 313 3055 quod
337 2962 500 3052 devoratur,
524 2980 689 3052 dilatantur,
714 2998 790 3057 quae
818 2991 918 3039 autem
945 2997 1041 3056 supra,
1067 2982 1285 3041 contrahuntur.

188 3075 290 3136 mSed
304 3095 373 3135 curn
386 3094 490 3152 aspera
503 3077 606 3135 arteria
624 3076 682 3155 (sic
697 3078 777 3135 enim
797 3076 959 3136 a'medicis
981 3077 1159 3161 appellatur)
1178 3080 1286 3139 ostium

232 3173 338 3233 habeat
365 3173 536 3235 adiunctum
563 3175 678 3252 linguae
705 3173 853 3235 radicibus
880 3176 969 3253 paulo
997 3194 1093 3253 supra,
1122 3196 1210 3254 quam
1246 3177 1285 3237 ad

231 3271 360 3347 linguam
373 3272 541 3331 stomachus
555 3272 727 3345 adnectitur,
743 3291 837 3348 eaque
852 3272 892 3333 ad
912 3274 1176 3351 pulmonesusque
1197 3277 1284 3353 perti·

233 3378 301 3426 neat
315 3369 499 3445 excipiatque
520 3370 656 3442 animam,
672 3389 737 3429 eam
752 3389 828 3446 quae
843 3370 933 3430 ducta
954 3382 998 3431 est
1018 3373 1129 3449 spiritu,
1145 3374 1284 3432 eandem·
1298 3394 1324 3432 ³0

204 3514 211 3533 ,
232 3482 289 3539 que
318 3483 336 3523 a
361 3466 548 3540 pulmonibus
576 3467 697 3542 respiret
724 3477 754 3525 et
781 3466 895 3541 reddat,
918 3470 1025 3544 tegitur
1048 3469 1178 3545 quodam
1202 3470 1286 3545 quasi

232 3560 381 3634 operculo,
397 3560 478 3635 quod
492 3563 532 3620 ob
546 3579 612 3620 eam
633 3581 750 3621 causam
773 3564 874 3622 datum
896 3575 948 3636 est,
964 3585 1012 3636 ne,
1027 3567 1051 3624 si
1073 3566 1145 3642 quid
1169 3566 1198 3624 in
1220 3585 1286 3625 eam

232 3656 289 3736 cibi
304 3656 377 3713 sorte
392 3656 550 3728 incidisset,
566 3659 681 3732 spiritus
695 3660 892 3733 impediretur.
936 3661 994 3718 Sed
1016 3679 1084 3719 cum
1106 3662 1161 3719 alvi
1184 3671 1287 3720 natura

230 3750 362 3807 subiecta
375 3750 530 3808 stomacho
551 3753 609 3810 cibi
630 3761 659 3809 et
680 3754 808 3827 potionis
830 3755 867 3811 sit
888 3757 1116 3828 receptaculum,
1131 3757 1286 3831 pulmones

230 3853 329 3902 autem
350 3853 381 3902 et
400 3862 452 3902 cor
476 3846 654 3904 extrinsecus
676 3848 807 3922 spiritum
830 3847 949 3920 ducant,
964 3849 994 3906 in
1017 3849 1081 3907 alvo
1106 3851 1196 3908 multa
1219 3860 1324 3914 sunta
